{
    "symbol": "ABT",
    "annualReports": [
        {
            "fiscalDateEnding": "2021-12-31",
            "reportedCurrency": "USD",
            "grossProfit": "10578000000",
            "totalRevenue": "42541000000",
            "costOfRevenue": "31963000000",
            "costofGoodsAndServicesSold": "18537000000",
            "operatingIncome": "8425000000",
            "sellingGeneralAndAdministrative": "11324000000",
            "researchAndDevelopment": "2742000000",
            "operatingExpenses": "16219000000",
            "investmentIncomeNet": "43000000",
            "netInterestIncome": "-533000000",
            "interestIncome": "-491000000",
            "interestExpense": "533000000",
            "nonInterestIncome": "43074000000",
            "otherNonOperatingIncome": "277000000",
            "depreciation": "1491000000",
            "depreciationAndAmortization": "2047000000",
            "incomeBeforeTax": "8211000000",
            "incomeTaxExpense": "1140000000",
            "interestAndDebtExpense": "533000000",
            "netIncomeFromContinuingOperations": "7071000000",
            "comprehensiveIncomeNetOfTax": "7643000000",
            "ebit": "8744000000",
            "ebitda": "10791000000",
            "netIncome": "7071000000"
        },
        {
            "fiscalDateEnding": "2020-12-31",
            "reportedCurrency": "USD",
            "grossProfit": "7203000000",
            "totalRevenue": "34070000000",
            "costOfRevenue": "26867000000",
            "costofGoodsAndServicesSold": "15003000000",
            "operatingIncome": "5357000000",
            "sellingGeneralAndAdministrative": "9696000000",
            "researchAndDevelopment": "2420000000",
            "operatingExpenses": "14372000000",
            "investmentIncomeNet": "46000000",
            "netInterestIncome": "-546000000",
            "interestIncome": "-492000000",
            "interestExpense": "546000000",
            "nonInterestIncome": "34616000000",
            "otherNonOperatingIncome": "103000000",
            "depreciation": "1195000000",
            "depreciationAndAmortization": "2132000000",
            "incomeBeforeTax": "4992000000",
            "incomeTaxExpense": "497000000",
            "interestAndDebtExpense": "546000000",
            "netIncomeFromContinuingOperations": "4471000000",
            "comprehensiveIncomeNetOfTax": "4014000000",
            "ebit": "5538000000",
            "ebitda": "7670000000",
            "netIncome": "4495000000"
        },
        {
            "fiscalDateEnding": "2019-12-31",
            "reportedCurrency": "USD",
            "grossProfit": "16737000000",
            "totalRevenue": "31164000000",
            "costOfRevenue": "24932000000",
            "costofGoodsAndServicesSold": "13231000000",
            "operatingIncome": "4532000000",
            "sellingGeneralAndAdministrative": "9765000000",
            "researchAndDevelopment": "2440000000",
            "operatingExpenses": "14141000000",
            "investmentIncomeNet": "94000000",
            "netInterestIncome": "-670000000",
            "interestIncome": "94000000",
            "interestExpense": "670000000",
            "nonInterestIncome": "31834000000",
            "otherNonOperatingIncome": "191000000",
            "depreciation": "1078000000",
            "depreciationAndAmortization": "1936000000",
            "incomeBeforeTax": "4077000000",
            "incomeTaxExpense": "390000000",
            "interestAndDebtExpense": "733000000",
            "netIncomeFromContinuingOperations": "3687000000",
            "comprehensiveIncomeNetOfTax": "2808000000",
            "ebit": "4747000000",
            "ebitda": "6683000000",
            "netIncome": "3687000000"
        },
        {
            "fiscalDateEnding": "2018-12-31",
            "reportedCurrency": "USD",
            "grossProfit": "15694000000",
            "totalRevenue": "29557000000",
            "costOfRevenue": "24628000000",
            "costofGoodsAndServicesSold": "12706000000",
            "operatingIncome": "3650000000",
            "sellingGeneralAndAdministrative": "9744000000",
            "researchAndDevelopment": "2300000000",
            "operatingExpenses": "14222000000",
            "investmentIncomeNet": "105000000",
            "netInterestIncome": "-826000000",
            "interestIncome": "105000000",
            "interestExpense": "826000000",
            "nonInterestIncome": "30383000000",
            "otherNonOperatingIncome": "139000000",
            "depreciation": "1100000000",
            "depreciationAndAmortization": "2178000000",
            "incomeBeforeTax": "2907000000",
            "incomeTaxExpense": "539000000",
            "interestAndDebtExpense": "993000000",
            "netIncomeFromContinuingOperations": "2334000000",
            "comprehensiveIncomeNetOfTax": "1176000000",
            "ebit": "3733000000",
            "ebitda": "5911000000",
            "netIncome": "2368000000"
        },
        {
            "fiscalDateEnding": "2017-12-31",
            "reportedCurrency": "USD",
            "grossProfit": "13006000000",
            "totalRevenue": "27683000000",
            "costOfRevenue": "23429000000",
            "costofGoodsAndServicesSold": "12409000000",
            "operatingIncome": "1564000000",
            "sellingGeneralAndAdministrative": "9182000000",
            "researchAndDevelopment": "2260000000",
            "operatingExpenses": "12164000000",
            "investmentIncomeNet": "124000000",
            "netInterestIncome": "-904000000",
            "interestIncome": "124000000",
            "interestExpense": "904000000",
            "nonInterestIncome": "1197000000",
            "otherNonOperatingIncome": "1413000000",
            "depreciation": "1046000000",
            "depreciationAndAmortization": "1975000000",
            "incomeBeforeTax": "2355000000",
            "incomeTaxExpense": "1878000000",
            "interestAndDebtExpense": "904000000",
            "netIncomeFromContinuingOperations": "353000000",
            "comprehensiveIncomeNetOfTax": "1529000000",
            "ebit": "3259000000",
            "ebitda": "5234000000",
            "netIncome": "477000000"
        }
    ],
    "quarterlyReports": [
        {
            "fiscalDateEnding": "2021-12-31",
            "reportedCurrency": "USD",
            "grossProfit": "2960000000",
            "totalRevenue": "11343000000",
            "costOfRevenue": "8383000000",
            "costofGoodsAndServicesSold": "4766000000",
            "operatingIncome": "2378000000",
            "sellingGeneralAndAdministrative": "3048000000",
            "researchAndDevelopment": "762000000",
            "operatingExpenses": "4389000000",
            "investmentIncomeNet": "11000000",
            "netInterestIncome": "-131000000",
            "interestIncome": "-114000000",
            "interestExpense": "131000000",
            "nonInterestIncome": "11474000000",
            "otherNonOperatingIncome": "63000000",
            "depreciation": "369000000",
            "depreciationAndAmortization": "514000000",
            "incomeBeforeTax": "2327000000",
            "incomeTaxExpense": "338000000",
            "interestAndDebtExpense": "131000000",
            "netIncomeFromContinuingOperations": "1989000000",
            "comprehensiveIncomeNetOfTax": "2855000000",
            "ebit": "2458000000",
            "ebitda": "2972000000",
            "netIncome": "1989000000"
        },
        {
            "fiscalDateEnding": "2021-09-30",
            "reportedCurrency": "USD",
            "grossProfit": "3601000000",
            "totalRevenue": "10791000000",
            "costOfRevenue": "7190000000",
            "costofGoodsAndServicesSold": "4423000000",
            "operatingIncome": "2546000000",
            "sellingGeneralAndAdministrative": "2767000000",
            "researchAndDevelopment": "672000000",
            "operatingExpenses": "3439000000",
            "investmentIncomeNet": "10000000",
            "netInterestIncome": "-133000000",
            "interestIncome": "-127000000",
            "interestExpense": "133000000",
            "nonInterestIncome": "10924000000",
            "otherNonOperatingIncome": "74000000",
            "depreciation": "327000000",
            "depreciationAndAmortization": "520000000",
            "incomeBeforeTax": "2493000000",
            "incomeTaxExpense": "393000000",
            "interestAndDebtExpense": "133000000",
            "netIncomeFromContinuingOperations": "2100000000",
            "comprehensiveIncomeNetOfTax": "1926000000",
            "ebit": "2626000000",
            "ebitda": "3146000000",
            "netIncome": "2100000000"
        },
        {
            "fiscalDateEnding": "2021-06-30",
            "reportedCurrency": "USD",
            "grossProfit": "2416000000",
            "totalRevenue": "10089000000",
            "costOfRevenue": "7673000000",
            "costofGoodsAndServicesSold": "4947000000",
            "operatingIncome": "1392000000",
            "sellingGeneralAndAdministrative": "2726000000",
            "researchAndDevelopment": "654000000",
            "operatingExpenses": "3380000000",
            "investmentIncomeNet": "11000000",
            "netInterestIncome": "-134000000",
            "interestIncome": "-123000000",
            "interestExpense": "134000000",
            "nonInterestIncome": "10223000000",
            "otherNonOperatingIncome": "79000000",
            "depreciation": "370000000",
            "depreciationAndAmortization": "504000000",
            "incomeBeforeTax": "1348000000",
            "incomeTaxExpense": "159000000",
            "interestAndDebtExpense": "134000000",
            "netIncomeFromContinuingOperations": "1189000000",
            "comprehensiveIncomeNetOfTax": "1408000000",
            "ebit": "1482000000",
            "ebitda": "1986000000",
            "netIncome": "1189000000"
        },
        {
            "fiscalDateEnding": "2021-03-31",
            "reportedCurrency": "USD",
            "grossProfit": "2624000000",
            "totalRevenue": "10318000000",
            "costOfRevenue": "7694000000",
            "costofGoodsAndServicesSold": "4401000000",
            "operatingIncome": "2109000000",
            "sellingGeneralAndAdministrative": "2783000000",
            "researchAndDevelopment": "654000000",
            "operatingExpenses": "3962000000",
            "investmentIncomeNet": "11000000",
            "netInterestIncome": "-135000000",
            "interestIncome": "-127000000",
            "interestExpense": "135000000",
            "nonInterestIncome": "10453000000",
            "otherNonOperatingIncome": "61000000",
            "depreciation": "425000000",
            "depreciationAndAmortization": "509000000",
            "incomeBeforeTax": "2043000000",
            "incomeTaxExpense": "250000000",
            "interestAndDebtExpense": "135000000",
            "netIncomeFromContinuingOperations": "1793000000",
            "comprehensiveIncomeNetOfTax": "1454000000",
            "ebit": "2178000000",
            "ebitda": "2687000000",
            "netIncome": "1793000000"
        },
        {
            "fiscalDateEnding": "2020-12-31",
            "reportedCurrency": "USD",
            "grossProfit": "2963000000",
            "totalRevenue": "10570000000",
            "costOfRevenue": "7607000000",
            "costofGoodsAndServicesSold": "4493000000",
            "operatingIncome": "2432000000",
            "sellingGeneralAndAdministrative": "2570000000",
            "researchAndDevelopment": "698000000",
            "operatingExpenses": "3837000000",
            "investmentIncomeNet": "9000000",
            "netInterestIncome": "-136000000",
            "interestIncome": "-122000000",
            "interestExpense": "136000000",
            "nonInterestIncome": "10706000000",
            "otherNonOperatingIncome": "78000000",
            "depreciation": "358000000",
            "depreciationAndAmortization": "508000000",
            "incomeBeforeTax": "2392000000",
            "incomeTaxExpense": "230000000",
            "interestAndDebtExpense": "136000000",
            "netIncomeFromContinuingOperations": "2158000000",
            "comprehensiveIncomeNetOfTax": "2260000000",
            "ebit": "2528000000",
            "ebitda": "3036000000",
            "netIncome": "2162000000"
        },
        {
            "fiscalDateEnding": "2020-09-30",
            "reportedCurrency": "USD",
            "grossProfit": "2455000000",
            "totalRevenue": "8723000000",
            "costOfRevenue": "6268000000",
            "costofGoodsAndServicesSold": "3966000000",
            "operatingIncome": "1495000000",
            "sellingGeneralAndAdministrative": "2302000000",
            "researchAndDevelopment": "580000000",
            "operatingExpenses": "2882000000",
            "investmentIncomeNet": "10000000",
            "netInterestIncome": "-137000000",
            "interestIncome": "-120000000",
            "interestExpense": "137000000",
            "nonInterestIncome": "8860000000",
            "otherNonOperatingIncome": "46000000",
            "depreciation": "298000000",
            "depreciationAndAmortization": "510000000",
            "incomeBeforeTax": "1421000000",
            "incomeTaxExpense": "189000000",
            "interestAndDebtExpense": "137000000",
            "netIncomeFromContinuingOperations": "1232000000",
            "comprehensiveIncomeNetOfTax": "1268000000",
            "ebit": "1558000000",
            "ebitda": "2068000000",
            "netIncome": "1232000000"
        },
        {
            "fiscalDateEnding": "2020-06-30",
            "reportedCurrency": "USD",
            "grossProfit": "1656000000",
            "totalRevenue": "7195000000",
            "costOfRevenue": "5539000000",
            "costofGoodsAndServicesSold": "3263000000",
            "operatingIncome": "672000000",
            "sellingGeneralAndAdministrative": "2276000000",
            "researchAndDevelopment": "564000000",
            "operatingExpenses": "2840000000",
            "investmentIncomeNet": "9000000",
            "netInterestIncome": "-134000000",
            "interestIncome": "9000000",
            "interestExpense": "134000000",
            "nonInterestIncome": "7329000000",
            "otherNonOperatingIncome": "-22000000",
            "depreciation": "272000000",
            "depreciationAndAmortization": "553000000",
            "incomeBeforeTax": "526000000",
            "incomeTaxExpense": "-11000000",
            "interestAndDebtExpense": "134000000",
            "netIncomeFromContinuingOperations": "537000000",
            "comprehensiveIncomeNetOfTax": "843000000",
            "ebit": "660000000",
            "ebitda": "1213000000",
            "netIncome": "537000000"
        },
        {
            "fiscalDateEnding": "2020-03-31",
            "reportedCurrency": "USD",
            "grossProfit": "1192000000",
            "totalRevenue": "7582000000",
            "costOfRevenue": "6390000000",
            "costofGoodsAndServicesSold": "3281000000",
            "operatingIncome": "758000000",
            "sellingGeneralAndAdministrative": "2548000000",
            "researchAndDevelopment": "578000000",
            "operatingExpenses": "3708000000",
            "investmentIncomeNet": "18000000",
            "netInterestIncome": "-139000000",
            "interestIncome": "18000000",
            "interestExpense": "139000000",
            "nonInterestIncome": "7721000000",
            "otherNonOperatingIncome": "1000000",
            "depreciation": "267000000",
            "depreciationAndAmortization": "561000000",
            "incomeBeforeTax": "653000000",
            "incomeTaxExpense": "89000000",
            "interestAndDebtExpense": "139000000",
            "netIncomeFromContinuingOperations": "544000000",
            "comprehensiveIncomeNetOfTax": "-357000000",
            "ebit": "792000000",
            "ebitda": "1353000000",
            "netIncome": "564000000"
        },
        {
            "fiscalDateEnding": "2019-12-31",
            "reportedCurrency": "USD",
            "grossProfit": "4397000000",
            "totalRevenue": "8314000000",
            "costOfRevenue": "6330000000",
            "costofGoodsAndServicesSold": "3434000000",
            "operatingIncome": "1389000000",
            "sellingGeneralAndAdministrative": "2413000000",
            "researchAndDevelopment": "595000000",
            "operatingExpenses": "3491000000",
            "investmentIncomeNet": "25000000",
            "netInterestIncome": "-164000000",
            "interestIncome": "-137000000",
            "interestExpense": "164000000",
            "nonInterestIncome": "8314000000",
            "otherNonOperatingIncome": "51000000",
            "depreciation": "273000000",
            "depreciationAndAmortization": "483000000",
            "incomeBeforeTax": "1240000000",
            "incomeTaxExpense": "191000000",
            "interestAndDebtExpense": "227000000",
            "netIncomeFromContinuingOperations": "1049000000",
            "comprehensiveIncomeNetOfTax": "347000000",
            "ebit": "1404000000",
            "ebitda": "1887000000",
            "netIncome": "1049000000"
        },
        {
            "fiscalDateEnding": "2019-09-30",
            "reportedCurrency": "USD",
            "grossProfit": "4234000000",
            "totalRevenue": "7902000000",
            "costOfRevenue": "5798000000",
            "costofGoodsAndServicesSold": "3358000000",
            "operatingIncome": "1198000000",
            "sellingGeneralAndAdministrative": "2440000000",
            "researchAndDevelopment": "596000000",
            "operatingExpenses": "3036000000",
            "investmentIncomeNet": "24000000",
            "netInterestIncome": "-167000000",
            "interestIncome": "24000000",
            "interestExpense": "167000000",
            "nonInterestIncome": "8069000000",
            "otherNonOperatingIncome": "55000000",
            "depreciation": "270000000",
            "depreciationAndAmortization": "484000000",
            "incomeBeforeTax": "1103000000",
            "incomeTaxExpense": "143000000",
            "interestAndDebtExpense": "167000000",
            "netIncomeFromContinuingOperations": "960000000",
            "comprehensiveIncomeNetOfTax": "562000000",
            "ebit": "1270000000",
            "ebitda": "1754000000",
            "netIncome": "960000000"
        },
        {
            "fiscalDateEnding": "2019-06-30",
            "reportedCurrency": "USD",
            "grossProfit": "4217000000",
            "totalRevenue": "7815000000",
            "costOfRevenue": "5713000000",
            "costofGoodsAndServicesSold": "3279000000",
            "operatingIncome": "1206000000",
            "sellingGeneralAndAdministrative": "2434000000",
            "researchAndDevelopment": "577000000",
            "operatingExpenses": "3011000000",
            "investmentIncomeNet": "22000000",
            "netInterestIncome": "-168000000",
            "interestIncome": "-142000000",
            "interestExpense": "168000000",
            "nonInterestIncome": "7983000000",
            "otherNonOperatingIncome": "38000000",
            "depreciation": "268000000",
            "depreciationAndAmortization": "483000000",
            "incomeBeforeTax": "1102000000",
            "incomeTaxExpense": "96000000",
            "interestAndDebtExpense": "168000000",
            "netIncomeFromContinuingOperations": "1006000000",
            "comprehensiveIncomeNetOfTax": "1111000000",
            "ebit": "1270000000",
            "ebitda": "1753000000",
            "netIncome": "1006000000"
        },
        {
            "fiscalDateEnding": "2019-03-31",
            "reportedCurrency": "USD",
            "grossProfit": "3889000000",
            "totalRevenue": "7358000000",
            "costOfRevenue": "6124000000",
            "costofGoodsAndServicesSold": "3160000000",
            "operatingIncome": "739000000",
            "sellingGeneralAndAdministrative": "2478000000",
            "researchAndDevelopment": "672000000",
            "operatingExpenses": "3636000000",
            "investmentIncomeNet": "23000000",
            "netInterestIncome": "-171000000",
            "interestIncome": "23000000",
            "interestExpense": "171000000",
            "nonInterestIncome": "7529000000",
            "otherNonOperatingIncome": "47000000",
            "depreciation": "267000000",
            "depreciationAndAmortization": "486000000",
            "incomeBeforeTax": "632000000",
            "incomeTaxExpense": "-40000000",
            "interestAndDebtExpense": "171000000",
            "netIncomeFromContinuingOperations": "672000000",
            "comprehensiveIncomeNetOfTax": "788000000",
            "ebit": "803000000",
            "ebitda": "1289000000",
            "netIncome": "672000000"
        },
        {
            "fiscalDateEnding": "2018-12-31",
            "reportedCurrency": "USD",
            "grossProfit": "4086000000",
            "totalRevenue": "7765000000",
            "costOfRevenue": "6038000000",
            "costofGoodsAndServicesSold": "3191000000",
            "operatingIncome": "1165000000",
            "sellingGeneralAndAdministrative": "2359000000",
            "researchAndDevelopment": "562000000",
            "operatingExpenses": "3409000000",
            "investmentIncomeNet": "34000000",
            "netInterestIncome": "-186000000",
            "interestIncome": "None",
            "interestExpense": "186000000",
            "nonInterestIncome": "7765000000",
            "otherNonOperatingIncome": "46000000",
            "depreciation": "275000000",
            "depreciationAndAmortization": "488000000",
            "incomeBeforeTax": "946000000",
            "incomeTaxExpense": "292000000",
            "interestAndDebtExpense": "272000000",
            "netIncomeFromContinuingOperations": "655000000",
            "comprehensiveIncomeNetOfTax": "414000000",
            "ebit": "1132000000",
            "ebitda": "1620000000",
            "netIncome": "654000000"
        },
        {
            "fiscalDateEnding": "2018-09-30",
            "reportedCurrency": "USD",
            "grossProfit": "3946000000",
            "totalRevenue": "7375000000",
            "costOfRevenue": "5543000000",
            "costofGoodsAndServicesSold": "3166000000",
            "operatingIncome": "995000000",
            "sellingGeneralAndAdministrative": "2377000000",
            "researchAndDevelopment": "574000000",
            "operatingExpenses": "2951000000",
            "investmentIncomeNet": "22000000",
            "netInterestIncome": "-203000000",
            "interestIncome": "None",
            "interestExpense": "203000000",
            "nonInterestIncome": "7578000000",
            "otherNonOperatingIncome": "-18000000",
            "depreciation": "269000000",
            "depreciationAndAmortization": "544000000",
            "incomeBeforeTax": "729000000",
            "incomeTaxExpense": "166000000",
            "interestAndDebtExpense": "270000000",
            "netIncomeFromContinuingOperations": "552000000",
            "comprehensiveIncomeNetOfTax": "467000000",
            "ebit": "932000000",
            "ebitda": "1476000000",
            "netIncome": "563000000"
        },
        {
            "fiscalDateEnding": "2018-06-30",
            "reportedCurrency": "USD",
            "grossProfit": "3923000000",
            "totalRevenue": "7563000000",
            "costOfRevenue": "5748000000",
            "costofGoodsAndServicesSold": "3282000000",
            "operatingIncome": "882000000",
            "sellingGeneralAndAdministrative": "2466000000",
            "researchAndDevelopment": "575000000",
            "operatingExpenses": "3041000000",
            "investmentIncomeNet": "21000000",
            "netInterestIncome": "-210000000",
            "interestIncome": "None",
            "interestExpense": "210000000",
            "nonInterestIncome": "7773000000",
            "otherNonOperatingIncome": "78000000",
            "depreciation": "288000000",
            "depreciationAndAmortization": "562000000",
            "incomeBeforeTax": "792000000",
            "incomeTaxExpense": "59000000",
            "interestAndDebtExpense": "210000000",
            "netIncomeFromContinuingOperations": "718000000",
            "comprehensiveIncomeNetOfTax": "-447000000",
            "ebit": "1002000000",
            "ebitda": "1564000000",
            "netIncome": "733000000"
        },
        {
            "fiscalDateEnding": "2018-03-31",
            "reportedCurrency": "USD",
            "grossProfit": "3739000000",
            "totalRevenue": "7152000000",
            "costOfRevenue": "6193000000",
            "costofGoodsAndServicesSold": "3067000000",
            "operatingIncome": "608000000",
            "sellingGeneralAndAdministrative": "2542000000",
            "researchAndDevelopment": "589000000",
            "operatingExpenses": "3715000000",
            "investmentIncomeNet": "28000000",
            "netInterestIncome": "-227000000",
            "interestIncome": "None",
            "interestExpense": "227000000",
            "nonInterestIncome": "7379000000",
            "otherNonOperatingIncome": "33000000",
            "depreciation": "268000000",
            "depreciationAndAmortization": "584000000",
            "incomeBeforeTax": "440000000",
            "incomeTaxExpense": "22000000",
            "interestAndDebtExpense": "241000000",
            "netIncomeFromContinuingOperations": "409000000",
            "comprehensiveIncomeNetOfTax": "742000000",
            "ebit": "667000000",
            "ebitda": "1251000000",
            "netIncome": "418000000"
        },
        {
            "fiscalDateEnding": "2017-12-31",
            "reportedCurrency": "USD",
            "grossProfit": "3747000000",
            "totalRevenue": "7589000000",
            "costOfRevenue": "6285000000",
            "costofGoodsAndServicesSold": "3282000000",
            "operatingIncome": "651000000",
            "sellingGeneralAndAdministrative": "2477000000",
            "researchAndDevelopment": "638000000",
            "operatingExpenses": "3635000000",
            "investmentIncomeNet": "35000000",
            "netInterestIncome": "-246000000",
            "interestIncome": "None",
            "interestExpense": "246000000",
            "nonInterestIncome": "7589000000",
            "otherNonOperatingIncome": "134000000",
            "depreciation": "283000000",
            "depreciationAndAmortization": "560000000",
            "incomeBeforeTax": "610000000",
            "incomeTaxExpense": "1438000000",
            "interestAndDebtExpense": "246000000",
            "netIncomeFromContinuingOperations": "-864000000",
            "comprehensiveIncomeNetOfTax": "-774000000",
            "ebit": "856000000",
            "ebitda": "1416000000",
            "netIncome": "-828000000"
        },
        {
            "fiscalDateEnding": "2017-09-30",
            "reportedCurrency": "USD",
            "grossProfit": "3452000000",
            "totalRevenue": "6617000000",
            "costOfRevenue": "4956000000",
            "costofGoodsAndServicesSold": "2876000000",
            "operatingIncome": "769000000",
            "sellingGeneralAndAdministrative": "2115000000",
            "researchAndDevelopment": "562000000",
            "operatingExpenses": "2661000000",
            "investmentIncomeNet": "36000000",
            "netInterestIncome": "-218000000",
            "interestIncome": "None",
            "interestExpense": "218000000",
            "nonInterestIncome": "6000000",
            "otherNonOperatingIncome": "33000000",
            "depreciation": "255000000",
            "depreciationAndAmortization": "501000000",
            "incomeBeforeTax": "668000000",
            "incomeTaxExpense": "65000000",
            "interestAndDebtExpense": "218000000",
            "netIncomeFromContinuingOperations": "561000000",
            "comprehensiveIncomeNetOfTax": "737000000",
            "ebit": "886000000",
            "ebitda": "1387000000",
            "netIncome": "603000000"
        },
        {
            "fiscalDateEnding": "2017-06-30",
            "reportedCurrency": "USD",
            "grossProfit": "3056000000",
            "totalRevenue": "6435000000",
            "costOfRevenue": "5305000000",
            "costofGoodsAndServicesSold": "3189000000",
            "operatingIncome": "386000000",
            "sellingGeneralAndAdministrative": "2150000000",
            "researchAndDevelopment": "513000000",
            "operatingExpenses": "2645000000",
            "investmentIncomeNet": "31000000",
            "netInterestIncome": "-214000000",
            "interestIncome": "None",
            "interestExpense": "214000000",
            "nonInterestIncome": "12000000",
            "otherNonOperatingIncome": "80000000",
            "depreciation": "256000000",
            "depreciationAndAmortization": "392000000",
            "incomeBeforeTax": "308000000",
            "incomeTaxExpense": "25000000",
            "interestAndDebtExpense": "214000000",
            "netIncomeFromContinuingOperations": "270000000",
            "comprehensiveIncomeNetOfTax": "565000000",
            "ebit": "522000000",
            "ebitda": "914000000",
            "netIncome": "283000000"
        },
        {
            "fiscalDateEnding": "2017-03-31",
            "reportedCurrency": "USD",
            "grossProfit": "2751000000",
            "totalRevenue": "7276000000",
            "costOfRevenue": "5990000000",
            "costofGoodsAndServicesSold": "3062000000",
            "operatingIncome": "-242000000",
            "sellingGeneralAndAdministrative": "2440000000",
            "researchAndDevelopment": "547000000",
            "operatingExpenses": "2342000000",
            "investmentIncomeNet": "22000000",
            "netInterestIncome": "-226000000",
            "interestIncome": "None",
            "interestExpense": "226000000",
            "nonInterestIncome": "1167000000",
            "otherNonOperatingIncome": "1166000000",
            "depreciation": "252000000",
            "depreciationAndAmortization": "522000000",
            "incomeBeforeTax": "769000000",
            "incomeTaxExpense": "350000000",
            "interestAndDebtExpense": "226000000",
            "netIncomeFromContinuingOperations": "386000000",
            "comprehensiveIncomeNetOfTax": "1001000000",
            "ebit": "995000000",
            "ebitda": "1517000000",
            "netIncome": "419000000"
        }
    ]
}