{
    "symbol": "AON",
    "annualReports": [
        {
            "fiscalDateEnding": "2021-12-31",
            "reportedCurrency": "USD",
            "grossProfit": "4053000000",
            "totalRevenue": "12070000000",
            "costOfRevenue": "8017000000",
            "costofGoodsAndServicesSold": "6738000000",
            "operatingIncome": "2090000000",
            "sellingGeneralAndAdministrative": "1253000000",
            "researchAndDevelopment": "None",
            "operatingExpenses": "1163000000",
            "investmentIncomeNet": "11000000",
            "netInterestIncome": "-322000000",
            "interestIncome": "-311000000",
            "interestExpense": "322000000",
            "nonInterestIncome": "12361000000",
            "otherNonOperatingIncome": "152000000",
            "depreciation": "179000000",
            "depreciationAndAmortization": "26000000",
            "incomeBeforeTax": "1878000000",
            "incomeTaxExpense": "623000000",
            "interestAndDebtExpense": "322000000",
            "netIncomeFromContinuingOperations": "1308000000",
            "comprehensiveIncomeNetOfTax": "1245000000",
            "ebit": "2200000000",
            "ebitda": "2226000000",
            "netIncome": "1255000000"
        },
        {
            "fiscalDateEnding": "2020-12-31",
            "reportedCurrency": "USD",
            "grossProfit": "3768000000",
            "totalRevenue": "10745000000",
            "costOfRevenue": "6977000000",
            "costofGoodsAndServicesSold": "5905000000",
            "operatingIncome": "2781000000",
            "sellingGeneralAndAdministrative": "1047000000",
            "researchAndDevelopment": "None",
            "operatingExpenses": "1101000000",
            "investmentIncomeNet": "6000000",
            "netInterestIncome": "-334000000",
            "interestIncome": "6000000",
            "interestExpense": "334000000",
            "nonInterestIncome": "11047000000",
            "otherNonOperatingIncome": "13000000",
            "depreciation": "167000000",
            "depreciationAndAmortization": "25000000",
            "incomeBeforeTax": "2417000000",
            "incomeTaxExpense": "448000000",
            "interestAndDebtExpense": "341000000",
            "netIncomeFromContinuingOperations": "2017000000",
            "comprehensiveIncomeNetOfTax": "2141000000",
            "ebit": "2781000000",
            "ebitda": "2776000000",
            "netIncome": "1969000000"
        },
        {
            "fiscalDateEnding": "2019-12-31",
            "reportedCurrency": "USD",
            "grossProfit": "3517000000",
            "totalRevenue": "10747000000",
            "costOfRevenue": "7230000000",
            "costofGoodsAndServicesSold": "6054000000",
            "operatingIncome": "2169000000",
            "sellingGeneralAndAdministrative": "1150000000",
            "researchAndDevelopment": "None",
            "operatingExpenses": "1203000000",
            "investmentIncomeNet": "8000000",
            "netInterestIncome": "-307000000",
            "interestIncome": "8000000",
            "interestExpense": "307000000",
            "nonInterestIncome": "11022000000",
            "otherNonOperatingIncome": "1000000",
            "depreciation": "172000000",
            "depreciationAndAmortization": "26000000",
            "incomeBeforeTax": "1829000000",
            "incomeTaxExpense": "297000000",
            "interestAndDebtExpense": "307000000",
            "netIncomeFromContinuingOperations": "1574000000",
            "comprehensiveIncomeNetOfTax": "1408000000",
            "ebit": "2169000000",
            "ebitda": "2162000000",
            "netIncome": "1532000000"
        },
        {
            "fiscalDateEnding": "2018-12-31",
            "reportedCurrency": "USD",
            "grossProfit": "2553000000",
            "totalRevenue": "10770000000",
            "costOfRevenue": "8217000000",
            "costofGoodsAndServicesSold": "6103000000",
            "operatingIncome": "1544000000",
            "sellingGeneralAndAdministrative": "1521000000",
            "researchAndDevelopment": "None",
            "operatingExpenses": "2138000000",
            "investmentIncomeNet": "5000000",
            "netInterestIncome": "-278000000",
            "interestIncome": "5000000",
            "interestExpense": "278000000",
            "nonInterestIncome": "10795000000",
            "otherNonOperatingIncome": "-25000000",
            "depreciation": "176000000",
            "depreciationAndAmortization": "593000000",
            "incomeBeforeTax": "1280000000",
            "incomeTaxExpense": "146000000",
            "interestAndDebtExpense": "278000000",
            "netIncomeFromContinuingOperations": "1100000000",
            "comprehensiveIncomeNetOfTax": "722000000",
            "ebit": "1544000000",
            "ebitda": "2151000000",
            "netIncome": "1134000000"
        },
        {
            "fiscalDateEnding": "2017-12-31",
            "reportedCurrency": "USD",
            "grossProfit": "2118000000",
            "totalRevenue": "9998000000",
            "costOfRevenue": "7880000000",
            "costofGoodsAndServicesSold": "6089000000",
            "operatingIncome": "1065000000",
            "sellingGeneralAndAdministrative": "7176000000",
            "researchAndDevelopment": "None",
            "operatingExpenses": "7898000000",
            "investmentIncomeNet": "27000000",
            "netInterestIncome": "-282000000",
            "interestIncome": "27000000",
            "interestExpense": "282000000",
            "nonInterestIncome": "-37000000",
            "otherNonOperatingIncome": "-125000000",
            "depreciation": "187000000",
            "depreciationAndAmortization": "704000000",
            "incomeBeforeTax": "1476000000",
            "incomeTaxExpense": "250000000",
            "interestAndDebtExpense": "282000000",
            "netIncomeFromContinuingOperations": "435000000",
            "comprehensiveIncomeNetOfTax": "1642000000",
            "ebit": "1065000000",
            "ebitda": "2462000000",
            "netIncome": "1226000000"
        }
    ],
    "quarterlyReports": [
        {
            "fiscalDateEnding": "2021-12-31",
            "reportedCurrency": "USD",
            "grossProfit": "1414000000",
            "totalRevenue": "3181000000",
            "costOfRevenue": "1767000000",
            "costofGoodsAndServicesSold": "1556000000",
            "operatingIncome": "974000000",
            "sellingGeneralAndAdministrative": "297000000",
            "researchAndDevelopment": "None",
            "operatingExpenses": "67000000",
            "investmentIncomeNet": "2000000",
            "netInterestIncome": "-85000000",
            "interestIncome": "2000000",
            "interestExpense": "85000000",
            "nonInterestIncome": "3235000000",
            "otherNonOperatingIncome": "145000000",
            "depreciation": "41000000",
            "depreciationAndAmortization": "-86000000",
            "incomeBeforeTax": "1026000000",
            "incomeTaxExpense": "163000000",
            "interestAndDebtExpense": "85000000",
            "netIncomeFromContinuingOperations": "866000000",
            "comprehensiveIncomeNetOfTax": "869000000",
            "ebit": "974000000",
            "ebitda": "1025000000",
            "netIncome": "863000000"
        },
        {
            "fiscalDateEnding": "2021-09-30",
            "reportedCurrency": "USD",
            "grossProfit": "449000000",
            "totalRevenue": "2642000000",
            "costOfRevenue": "2193000000",
            "costofGoodsAndServicesSold": "1835000000",
            "operatingIncome": "-801000000",
            "sellingGeneralAndAdministrative": "358000000",
            "researchAndDevelopment": "None",
            "operatingExpenses": "361000000",
            "investmentIncomeNet": "3000000",
            "netInterestIncome": "-80000000",
            "interestIncome": "3000000",
            "interestExpense": "80000000",
            "nonInterestIncome": "2722000000",
            "otherNonOperatingIncome": "10000000",
            "depreciation": "56000000",
            "depreciationAndAmortization": "36000000",
            "incomeBeforeTax": "-877000000",
            "incomeTaxExpense": "23000000",
            "interestAndDebtExpense": "80000000",
            "netIncomeFromContinuingOperations": "-888000000",
            "comprehensiveIncomeNetOfTax": "-1033000000",
            "ebit": "-801000000",
            "ebitda": "-761000000",
            "netIncome": "-900000000"
        },
        {
            "fiscalDateEnding": "2021-06-30",
            "reportedCurrency": "USD",
            "grossProfit": "855000000",
            "totalRevenue": "2795000000",
            "costOfRevenue": "1940000000",
            "costofGoodsAndServicesSold": "1628000000",
            "operatingIncome": "672000000",
            "sellingGeneralAndAdministrative": "276000000",
            "researchAndDevelopment": "None",
            "operatingExpenses": "333000000",
            "investmentIncomeNet": "3000000",
            "netInterestIncome": "-78000000",
            "interestIncome": "3000000",
            "interestExpense": "78000000",
            "nonInterestIncome": "2873000000",
            "otherNonOperatingIncome": "-1000000",
            "depreciation": "41000000",
            "depreciationAndAmortization": "36000000",
            "incomeBeforeTax": "582000000",
            "incomeTaxExpense": "203000000",
            "interestAndDebtExpense": "78000000",
            "netIncomeFromContinuingOperations": "396000000",
            "comprehensiveIncomeNetOfTax": "526000000",
            "ebit": "672000000",
            "ebitda": "696000000",
            "netIncome": "379000000"
        },
        {
            "fiscalDateEnding": "2021-03-31",
            "reportedCurrency": "USD",
            "grossProfit": "1369000000",
            "totalRevenue": "3450000000",
            "costOfRevenue": "2081000000",
            "costofGoodsAndServicesSold": "1719000000",
            "operatingIncome": "1245000000",
            "sellingGeneralAndAdministrative": "322000000",
            "researchAndDevelopment": "None",
            "operatingExpenses": "368000000",
            "investmentIncomeNet": "3000000",
            "netInterestIncome": "-79000000",
            "interestIncome": "3000000",
            "interestExpense": "79000000",
            "nonInterestIncome": "3529000000",
            "otherNonOperatingIncome": "-2000000",
            "depreciation": "41000000",
            "depreciationAndAmortization": "40000000",
            "incomeBeforeTax": "1147000000",
            "incomeTaxExpense": "234000000",
            "interestAndDebtExpense": "79000000",
            "netIncomeFromContinuingOperations": "934000000",
            "comprehensiveIncomeNetOfTax": "883000000",
            "ebit": "1245000000",
            "ebitda": "1266000000",
            "netIncome": "913000000"
        },
        {
            "fiscalDateEnding": "2020-12-31",
            "reportedCurrency": "USD",
            "grossProfit": "1129000000",
            "totalRevenue": "2882000000",
            "costOfRevenue": "1753000000",
            "costofGoodsAndServicesSold": "1635000000",
            "operatingIncome": "713000000",
            "sellingGeneralAndAdministrative": "298000000",
            "researchAndDevelopment": "None",
            "operatingExpenses": "128000000",
            "investmentIncomeNet": "1000000",
            "netInterestIncome": "-82000000",
            "interestIncome": "1000000",
            "interestExpense": "82000000",
            "nonInterestIncome": "2932000000",
            "otherNonOperatingIncome": "-7000000",
            "depreciation": "43000000",
            "depreciationAndAmortization": "-180000000",
            "incomeBeforeTax": "616000000",
            "incomeTaxExpense": "92000000",
            "interestAndDebtExpense": "82000000",
            "netIncomeFromContinuingOperations": "534000000",
            "comprehensiveIncomeNetOfTax": "762000000",
            "ebit": "713000000",
            "ebitda": "518000000",
            "netIncome": "524000000"
        },
        {
            "fiscalDateEnding": "2020-09-30",
            "reportedCurrency": "USD",
            "grossProfit": "605000000",
            "totalRevenue": "2286000000",
            "costOfRevenue": "1681000000",
            "costofGoodsAndServicesSold": "1387000000",
            "operatingIncome": "441000000",
            "sellingGeneralAndAdministrative": "244000000",
            "researchAndDevelopment": "None",
            "operatingExpenses": "298000000",
            "investmentIncomeNet": "3000000",
            "netInterestIncome": "-80000000",
            "interestIncome": "-82000000",
            "interestExpense": "80000000",
            "nonInterestIncome": "2366000000",
            "otherNonOperatingIncome": "0",
            "depreciation": "42000000",
            "depreciationAndAmortization": "50000000",
            "incomeBeforeTax": "357000000",
            "incomeTaxExpense": "82000000",
            "interestAndDebtExpense": "80000000",
            "netIncomeFromContinuingOperations": "281000000",
            "comprehensiveIncomeNetOfTax": "472000000",
            "ebit": "441000000",
            "ebitda": "487000000",
            "netIncome": "275000000"
        },
        {
            "fiscalDateEnding": "2020-06-30",
            "reportedCurrency": "USD",
            "grossProfit": "735000000",
            "totalRevenue": "2399000000",
            "costOfRevenue": "1664000000",
            "costofGoodsAndServicesSold": "1361000000",
            "operatingIncome": "594000000",
            "sellingGeneralAndAdministrative": "245000000",
            "researchAndDevelopment": "None",
            "operatingExpenses": "309000000",
            "investmentIncomeNet": "0",
            "netInterestIncome": "-89000000",
            "interestIncome": "-94000000",
            "interestExpense": "89000000",
            "nonInterestIncome": "2488000000",
            "otherNonOperatingIncome": "-9000000",
            "depreciation": "41000000",
            "depreciationAndAmortization": "58000000",
            "incomeBeforeTax": "483000000",
            "incomeTaxExpense": "85000000",
            "interestAndDebtExpense": "96000000",
            "netIncomeFromContinuingOperations": "410000000",
            "comprehensiveIncomeNetOfTax": "511000000",
            "ebit": "594000000",
            "ebitda": "630000000",
            "netIncome": "398000000"
        },
        {
            "fiscalDateEnding": "2020-03-31",
            "reportedCurrency": "USD",
            "grossProfit": "1340000000",
            "totalRevenue": "3219000000",
            "costOfRevenue": "1879000000",
            "costofGoodsAndServicesSold": "1522000000",
            "operatingIncome": "1033000000",
            "sellingGeneralAndAdministrative": "260000000",
            "researchAndDevelopment": "None",
            "operatingExpenses": "366000000",
            "investmentIncomeNet": "2000000",
            "netInterestIncome": "-83000000",
            "interestIncome": "2000000",
            "interestExpense": "83000000",
            "nonInterestIncome": "42000000",
            "otherNonOperatingIncome": "28000000",
            "depreciation": "41000000",
            "depreciationAndAmortization": "97000000",
            "incomeBeforeTax": "961000000",
            "incomeTaxExpense": "189000000",
            "interestAndDebtExpense": "83000000",
            "netIncomeFromContinuingOperations": "792000000",
            "comprehensiveIncomeNetOfTax": "396000000",
            "ebit": "1033000000",
            "ebitda": "1141000000",
            "netIncome": "772000000"
        },
        {
            "fiscalDateEnding": "2019-12-31",
            "reportedCurrency": "USD",
            "grossProfit": "2885000000",
            "totalRevenue": "2885000000",
            "costOfRevenue": "1599000000",
            "costofGoodsAndServicesSold": "1601000000",
            "operatingIncome": "524000000",
            "sellingGeneralAndAdministrative": "287000000",
            "researchAndDevelopment": "None",
            "operatingExpenses": "6000000",
            "investmentIncomeNet": "4000000",
            "netInterestIncome": "-80000000",
            "interestIncome": "4000000",
            "interestExpense": "80000000",
            "nonInterestIncome": "2885000000",
            "otherNonOperatingIncome": "-7000000",
            "depreciation": "48000000",
            "depreciationAndAmortization": "-289000000",
            "incomeBeforeTax": "433000000",
            "incomeTaxExpense": "59000000",
            "interestAndDebtExpense": "80000000",
            "netIncomeFromContinuingOperations": "382000000",
            "comprehensiveIncomeNetOfTax": "371000000",
            "ebit": "524000000",
            "ebitda": "224000000",
            "netIncome": "374000000"
        },
        {
            "fiscalDateEnding": "2019-09-30",
            "reportedCurrency": "USD",
            "grossProfit": "635000000",
            "totalRevenue": "2379000000",
            "costOfRevenue": "1744000000",
            "costofGoodsAndServicesSold": "1368000000",
            "operatingIncome": "360000000",
            "sellingGeneralAndAdministrative": "268000000",
            "researchAndDevelopment": "None",
            "operatingExpenses": "383000000",
            "investmentIncomeNet": "1000000",
            "netInterestIncome": "-78000000",
            "interestIncome": "1000000",
            "interestExpense": "78000000",
            "nonInterestIncome": "17000000",
            "otherNonOperatingIncome": "2000000",
            "depreciation": "44000000",
            "depreciationAndAmortization": "108000000",
            "incomeBeforeTax": "278000000",
            "incomeTaxExpense": "56000000",
            "interestAndDebtExpense": "78000000",
            "netIncomeFromContinuingOperations": "229000000",
            "comprehensiveIncomeNetOfTax": "29000000",
            "ebit": "360000000",
            "ebitda": "464000000",
            "netIncome": "222000000"
        },
        {
            "fiscalDateEnding": "2019-06-30",
            "reportedCurrency": "USD",
            "grossProfit": "700000000",
            "totalRevenue": "2606000000",
            "costOfRevenue": "1906000000",
            "costofGoodsAndServicesSold": "1501000000",
            "operatingIncome": "413000000",
            "sellingGeneralAndAdministrative": "302000000",
            "researchAndDevelopment": "None",
            "operatingExpenses": "409000000",
            "investmentIncomeNet": "1000000",
            "netInterestIncome": "-77000000",
            "interestIncome": "1000000",
            "interestExpense": "77000000",
            "nonInterestIncome": "11000000",
            "otherNonOperatingIncome": "6000000",
            "depreciation": "40000000",
            "depreciationAndAmortization": "103000000",
            "incomeBeforeTax": "333000000",
            "incomeTaxExpense": "56000000",
            "interestAndDebtExpense": "77000000",
            "netIncomeFromContinuingOperations": "287000000",
            "comprehensiveIncomeNetOfTax": "180000000",
            "ebit": "413000000",
            "ebitda": "513000000",
            "netIncome": "277000000"
        },
        {
            "fiscalDateEnding": "2019-03-31",
            "reportedCurrency": "USD",
            "grossProfit": "1169000000",
            "totalRevenue": "3143000000",
            "costOfRevenue": "1974000000",
            "costofGoodsAndServicesSold": "1584000000",
            "operatingIncome": "872000000",
            "sellingGeneralAndAdministrative": "293000000",
            "researchAndDevelopment": "None",
            "operatingExpenses": "398000000",
            "investmentIncomeNet": "2000000",
            "netInterestIncome": "-72000000",
            "interestIncome": "-79000000",
            "interestExpense": "72000000",
            "nonInterestIncome": "-11000000",
            "otherNonOperatingIncome": "0",
            "depreciation": "40000000",
            "depreciationAndAmortization": "97000000",
            "incomeBeforeTax": "785000000",
            "incomeTaxExpense": "126000000",
            "interestAndDebtExpense": "72000000",
            "netIncomeFromContinuingOperations": "676000000",
            "comprehensiveIncomeNetOfTax": "828000000",
            "ebit": "872000000",
            "ebitda": "954000000",
            "netIncome": "659000000"
        },
        {
            "fiscalDateEnding": "2018-12-31",
            "reportedCurrency": "USD",
            "grossProfit": "2770000000",
            "totalRevenue": "2770000000",
            "costOfRevenue": "2363000000",
            "costofGoodsAndServicesSold": "1480000000",
            "operatingIncome": "499000000",
            "sellingGeneralAndAdministrative": "661000000",
            "researchAndDevelopment": "None",
            "operatingExpenses": "765000000",
            "investmentIncomeNet": "0",
            "netInterestIncome": "-70000000",
            "interestIncome": "None",
            "interestExpense": "70000000",
            "nonInterestIncome": "10770000000",
            "otherNonOperatingIncome": "-8000000",
            "depreciation": "50000000",
            "depreciationAndAmortization": "101000000",
            "incomeBeforeTax": "482000000",
            "incomeTaxExpense": "137000000",
            "interestAndDebtExpense": "70000000",
            "netIncomeFromContinuingOperations": "284000000",
            "comprehensiveIncomeNetOfTax": "68000000",
            "ebit": "499000000",
            "ebitda": "653000000",
            "netIncome": "345000000"
        },
        {
            "fiscalDateEnding": "2018-09-30",
            "reportedCurrency": "USD",
            "grossProfit": "571000000",
            "totalRevenue": "2349000000",
            "costOfRevenue": "1778000000",
            "costofGoodsAndServicesSold": "1392000000",
            "operatingIncome": "262000000",
            "sellingGeneralAndAdministrative": "286000000",
            "researchAndDevelopment": "None",
            "operatingExpenses": "395000000",
            "investmentIncomeNet": "0",
            "netInterestIncome": "-69000000",
            "interestIncome": "None",
            "interestExpense": "69000000",
            "nonInterestIncome": "3000000",
            "otherNonOperatingIncome": "1000000",
            "depreciation": "40000000",
            "depreciationAndAmortization": "100000000",
            "incomeBeforeTax": "186000000",
            "incomeTaxExpense": "39000000",
            "interestAndDebtExpense": "69000000",
            "netIncomeFromContinuingOperations": "155000000",
            "comprehensiveIncomeNetOfTax": "39000000",
            "ebit": "262000000",
            "ebitda": "355000000",
            "netIncome": "147000000"
        },
        {
            "fiscalDateEnding": "2018-06-30",
            "reportedCurrency": "USD",
            "grossProfit": "496000000",
            "totalRevenue": "2561000000",
            "costOfRevenue": "2065000000",
            "costofGoodsAndServicesSold": "1494000000",
            "operatingIncome": "-16000000",
            "sellingGeneralAndAdministrative": "289000000",
            "researchAndDevelopment": "None",
            "operatingExpenses": "574000000",
            "investmentIncomeNet": "1000000",
            "netInterestIncome": "-69000000",
            "interestIncome": "None",
            "interestExpense": "69000000",
            "nonInterestIncome": "29000000",
            "otherNonOperatingIncome": "-3000000",
            "depreciation": "47000000",
            "depreciationAndAmortization": "282000000",
            "incomeBeforeTax": "-96000000",
            "incomeTaxExpense": "-144000000",
            "interestAndDebtExpense": "69000000",
            "netIncomeFromContinuingOperations": "57000000",
            "comprehensiveIncomeNetOfTax": "-285000000",
            "ebit": "-16000000",
            "ebitda": "255000000",
            "netIncome": "48000000"
        },
        {
            "fiscalDateEnding": "2018-03-31",
            "reportedCurrency": "USD",
            "grossProfit": "1156000000",
            "totalRevenue": "3090000000",
            "costOfRevenue": "1934000000",
            "costofGoodsAndServicesSold": "2069000000",
            "operatingIncome": "799000000",
            "sellingGeneralAndAdministrative": "1824000000",
            "researchAndDevelopment": "None",
            "operatingExpenses": "1942000000",
            "investmentIncomeNet": "4000000",
            "netInterestIncome": "-70000000",
            "interestIncome": "None",
            "interestExpense": "70000000",
            "nonInterestIncome": "-16000000",
            "otherNonOperatingIncome": "-15000000",
            "depreciation": "39000000",
            "depreciationAndAmortization": "110000000",
            "incomeBeforeTax": "708000000",
            "incomeTaxExpense": "114000000",
            "interestAndDebtExpense": "70000000",
            "netIncomeFromContinuingOperations": "604000000",
            "comprehensiveIncomeNetOfTax": "900000000",
            "ebit": "799000000",
            "ebitda": "888000000",
            "netIncome": "594000000"
        },
        {
            "fiscalDateEnding": "2017-12-31",
            "reportedCurrency": "USD",
            "grossProfit": "2909000000",
            "totalRevenue": "2909000000",
            "costOfRevenue": "2385000000",
            "costofGoodsAndServicesSold": "1969000000",
            "operatingIncome": "601000000",
            "sellingGeneralAndAdministrative": "2285000000",
            "researchAndDevelopment": "None",
            "operatingExpenses": "2387000000",
            "investmentIncomeNet": "7000000",
            "netInterestIncome": "-71000000",
            "interestIncome": "None",
            "interestExpense": "71000000",
            "nonInterestIncome": "-5000000",
            "otherNonOperatingIncome": "-131000000",
            "depreciation": "39000000",
            "depreciationAndAmortization": "100000000",
            "incomeBeforeTax": "370000000",
            "incomeTaxExpense": "389000000",
            "interestAndDebtExpense": "71000000",
            "netIncomeFromContinuingOperations": "17000000",
            "comprehensiveIncomeNetOfTax": "-103000000",
            "ebit": "601000000",
            "ebitda": "541000000",
            "netIncome": "-19000000"
        },
        {
            "fiscalDateEnding": "2017-09-30",
            "reportedCurrency": "USD",
            "grossProfit": "622000000",
            "totalRevenue": "2340000000",
            "costOfRevenue": "1718000000",
            "costofGoodsAndServicesSold": "1825000000",
            "operatingIncome": "256000000",
            "sellingGeneralAndAdministrative": "1617000000",
            "researchAndDevelopment": "None",
            "operatingExpenses": "1723000000",
            "investmentIncomeNet": "10000000",
            "netInterestIncome": "-70000000",
            "interestIncome": "None",
            "interestExpense": "70000000",
            "nonInterestIncome": "-20000000",
            "otherNonOperatingIncome": "4000000",
            "depreciation": "40000000",
            "depreciationAndAmortization": "101000000",
            "incomeBeforeTax": "189000000",
            "incomeTaxExpense": "4000000",
            "interestAndDebtExpense": "70000000",
            "netIncomeFromContinuingOperations": "196000000",
            "comprehensiveIncomeNetOfTax": "450000000",
            "ebit": "256000000",
            "ebitda": "360000000",
            "netIncome": "185000000"
        },
        {
            "fiscalDateEnding": "2017-06-30",
            "reportedCurrency": "USD",
            "grossProfit": "267000000",
            "totalRevenue": "2368000000",
            "costOfRevenue": "2101000000",
            "costofGoodsAndServicesSold": "1803000000",
            "operatingIncome": "-127000000",
            "sellingGeneralAndAdministrative": "1641000000",
            "researchAndDevelopment": "None",
            "operatingExpenses": "2106000000",
            "investmentIncomeNet": "8000000",
            "netInterestIncome": "-71000000",
            "interestIncome": "None",
            "interestExpense": "71000000",
            "nonInterestIncome": "-2000000",
            "otherNonOperatingIncome": "4000000",
            "depreciation": "54000000",
            "depreciationAndAmortization": "460000000",
            "incomeBeforeTax": "626000000",
            "incomeTaxExpense": "-143000000",
            "interestAndDebtExpense": "71000000",
            "netIncomeFromContinuingOperations": "-43000000",
            "comprehensiveIncomeNetOfTax": "842000000",
            "ebit": "-127000000",
            "ebitda": "1157000000",
            "netIncome": "769000000"
        },
        {
            "fiscalDateEnding": "2017-03-31",
            "reportedCurrency": "USD",
            "grossProfit": "705000000",
            "totalRevenue": "2381000000",
            "costOfRevenue": "1676000000",
            "costofGoodsAndServicesSold": "1818000000",
            "operatingIncome": "335000000",
            "sellingGeneralAndAdministrative": "1633000000",
            "researchAndDevelopment": "None",
            "operatingExpenses": "1682000000",
            "investmentIncomeNet": "2000000",
            "netInterestIncome": "-70000000",
            "interestIncome": "None",
            "interestExpense": "70000000",
            "nonInterestIncome": "-10000000",
            "otherNonOperatingIncome": "-2000000",
            "depreciation": "54000000",
            "depreciationAndAmortization": "43000000",
            "incomeBeforeTax": "291000000",
            "incomeTaxExpense": "0",
            "interestAndDebtExpense": "70000000",
            "netIncomeFromContinuingOperations": "265000000",
            "comprehensiveIncomeNetOfTax": "453000000",
            "ebit": "335000000",
            "ebitda": "404000000",
            "netIncome": "291000000"
        }
    ]
}