{
    "symbol": "CI",
    "annualReports": [
        {
            "fiscalDateEnding": "2021-12-31",
            "reportedCurrency": "USD",
            "grossProfit": "-26295000000",
            "totalRevenue": "174078000000",
            "costOfRevenue": "200373000000",
            "costofGoodsAndServicesSold": "117553000000",
            "operatingIncome": "7935000000",
            "sellingGeneralAndAdministrative": "13030000000",
            "researchAndDevelopment": "None",
            "operatingExpenses": "15218000000",
            "investmentIncomeNet": "-59000000",
            "netInterestIncome": "-1302000000",
            "interestIncome": "-1208000000",
            "interestExpense": "1302000000",
            "nonInterestIncome": "41013000000",
            "otherNonOperatingIncome": "-1208000000",
            "depreciation": "None",
            "depreciationAndAmortization": "2020000000",
            "incomeBeforeTax": "6732000000",
            "incomeTaxExpense": "1367000000",
            "interestAndDebtExpense": "1443000000",
            "netIncomeFromContinuingOperations": "5415000000",
            "comprehensiveIncomeNetOfTax": "5342000000",
            "ebit": "7935000000",
            "ebitda": "10054000000",
            "netIncome": "5365000000"
        },
        {
            "fiscalDateEnding": "2020-12-31",
            "reportedCurrency": "USD",
            "grossProfit": "-25087000000",
            "totalRevenue": "160401000000",
            "costOfRevenue": "185488000000",
            "costofGoodsAndServicesSold": "103484000000",
            "operatingIncome": "8153000000",
            "sellingGeneralAndAdministrative": "14072000000",
            "researchAndDevelopment": "None",
            "operatingExpenses": "11879000000",
            "investmentIncomeNet": "-52000000",
            "netInterestIncome": "-1403000000",
            "interestIncome": "-1438000000",
            "interestExpense": "1403000000",
            "nonInterestIncome": "46631000000",
            "otherNonOperatingIncome": "-1438000000",
            "depreciation": "None",
            "depreciationAndAmortization": "2010000000",
            "incomeBeforeTax": "10837000000",
            "incomeTaxExpense": "2379000000",
            "interestAndDebtExpense": "1602000000",
            "netIncomeFromContinuingOperations": "8489000000",
            "comprehensiveIncomeNetOfTax": "8538000000",
            "ebit": "8153000000",
            "ebitda": "14250000000",
            "netIncome": "8458000000"
        },
        {
            "fiscalDateEnding": "2019-12-31",
            "reportedCurrency": "USD",
            "grossProfit": "-23253000000",
            "totalRevenue": "153566000000",
            "costOfRevenue": "176819000000",
            "costofGoodsAndServicesSold": "97668000000",
            "operatingIncome": "8077000000",
            "sellingGeneralAndAdministrative": "14053000000",
            "researchAndDevelopment": "None",
            "operatingExpenses": "17030000000",
            "investmentIncomeNet": "-53000000",
            "netInterestIncome": "-1603000000",
            "interestIncome": "-1682000000",
            "interestExpense": "1603000000",
            "nonInterestIncome": "39712000000",
            "otherNonOperatingIncome": "-1682000000",
            "depreciation": "None",
            "depreciationAndAmortization": "2977000000",
            "incomeBeforeTax": "6554000000",
            "incomeTaxExpense": "1450000000",
            "interestAndDebtExpense": "1605000000",
            "netIncomeFromContinuingOperations": "5120000000",
            "comprehensiveIncomeNetOfTax": "5874000000",
            "ebit": "8077000000",
            "ebitda": "11134000000",
            "netIncome": "5104000000"
        },
        {
            "fiscalDateEnding": "2018-12-31",
            "reportedCurrency": "USD",
            "grossProfit": "-23774000000",
            "totalRevenue": "48650000000",
            "costOfRevenue": "72424000000",
            "costofGoodsAndServicesSold": "4793000000",
            "operatingIncome": "4160000000",
            "sellingGeneralAndAdministrative": "11934000000",
            "researchAndDevelopment": "None",
            "operatingExpenses": "12169000000",
            "investmentIncomeNet": "-55000000",
            "netInterestIncome": "-507000000",
            "interestIncome": "-271000000",
            "interestExpense": "507000000",
            "nonInterestIncome": "36113000000",
            "otherNonOperatingIncome": "-498000000",
            "depreciation": "None",
            "depreciationAndAmortization": "235000000",
            "incomeBeforeTax": "3572000000",
            "incomeTaxExpense": "935000000",
            "interestAndDebtExpense": "507000000",
            "netIncomeFromContinuingOperations": "2646000000",
            "comprehensiveIncomeNetOfTax": "2247000000",
            "ebit": "4160000000",
            "ebitda": "4314000000",
            "netIncome": "2637000000"
        }
    ],
    "quarterlyReports": [
        {
            "fiscalDateEnding": "2021-12-31",
            "reportedCurrency": "USD",
            "grossProfit": "-168000000",
            "totalRevenue": "45688000000",
            "costOfRevenue": "168000000",
            "costofGoodsAndServicesSold": "31247000000",
            "operatingIncome": "1537000000",
            "sellingGeneralAndAdministrative": "3662000000",
            "researchAndDevelopment": "None",
            "operatingExpenses": "168000000",
            "investmentIncomeNet": "None",
            "netInterestIncome": "None",
            "interestIncome": "-293000000",
            "interestExpense": "-2123000000",
            "nonInterestIncome": "10342000000",
            "otherNonOperatingIncome": "-293000000",
            "depreciation": "None",
            "depreciationAndAmortization": "521000000",
            "incomeBeforeTax": "-157000000",
            "incomeTaxExpense": "179000000",
            "interestAndDebtExpense": "1302000000",
            "netIncomeFromContinuingOperations": "-336000000",
            "comprehensiveIncomeNetOfTax": "1385000000",
            "ebit": "1537000000",
            "ebitda": "2058000000",
            "netIncome": "-336000000"
        },
        {
            "fiscalDateEnding": "2021-09-30",
            "reportedCurrency": "USD",
            "grossProfit": "-6036000000",
            "totalRevenue": "44288000000",
            "costOfRevenue": "50324000000",
            "costofGoodsAndServicesSold": "30070000000",
            "operatingIncome": "2294000000",
            "sellingGeneralAndAdministrative": "3093000000",
            "researchAndDevelopment": "None",
            "operatingExpenses": "3594000000",
            "investmentIncomeNet": "None",
            "netInterestIncome": "-303000000",
            "interestIncome": "-303000000",
            "interestExpense": "303000000",
            "nonInterestIncome": "10275000000",
            "otherNonOperatingIncome": "-303000000",
            "depreciation": "None",
            "depreciationAndAmortization": "501000000",
            "incomeBeforeTax": "2045000000",
            "incomeTaxExpense": "424000000",
            "interestAndDebtExpense": "0",
            "netIncomeFromContinuingOperations": "1635000000",
            "comprehensiveIncomeNetOfTax": "1545000000",
            "ebit": "2294000000",
            "ebitda": "2795000000",
            "netIncome": "1621000000"
        },
        {
            "fiscalDateEnding": "2021-06-30",
            "reportedCurrency": "USD",
            "grossProfit": "-6337000000",
            "totalRevenue": "43131000000",
            "costOfRevenue": "49468000000",
            "costofGoodsAndServicesSold": "29001000000",
            "operatingIncome": "2147000000",
            "sellingGeneralAndAdministrative": "2996000000",
            "researchAndDevelopment": "None",
            "operatingExpenses": "3499000000",
            "investmentIncomeNet": "None",
            "netInterestIncome": "-298000000",
            "interestIncome": "-298000000",
            "interestExpense": "298000000",
            "nonInterestIncome": "10313000000",
            "otherNonOperatingIncome": "-298000000",
            "depreciation": "None",
            "depreciationAndAmortization": "503000000",
            "incomeBeforeTax": "1889000000",
            "incomeTaxExpense": "422000000",
            "interestAndDebtExpense": "10000000",
            "netIncomeFromContinuingOperations": "1476000000",
            "comprehensiveIncomeNetOfTax": "1621000000",
            "ebit": "2147000000",
            "ebitda": "2650000000",
            "netIncome": "1467000000"
        },
        {
            "fiscalDateEnding": "2021-03-31",
            "reportedCurrency": "USD",
            "grossProfit": "-6048000000",
            "totalRevenue": "40971000000",
            "costOfRevenue": "47019000000",
            "costofGoodsAndServicesSold": "27235000000",
            "operatingIncome": "1957000000",
            "sellingGeneralAndAdministrative": "3279000000",
            "researchAndDevelopment": "None",
            "operatingExpenses": "3774000000",
            "investmentIncomeNet": "None",
            "netInterestIncome": "-314000000",
            "interestIncome": "-314000000",
            "interestExpense": "314000000",
            "nonInterestIncome": "10083000000",
            "otherNonOperatingIncome": "-314000000",
            "depreciation": "None",
            "depreciationAndAmortization": "495000000",
            "incomeBeforeTax": "1503000000",
            "incomeTaxExpense": "342000000",
            "interestAndDebtExpense": "131000000",
            "netIncomeFromContinuingOperations": "1171000000",
            "comprehensiveIncomeNetOfTax": "791000000",
            "ebit": "1957000000",
            "ebitda": "2452000000",
            "netIncome": "1161000000"
        },
        {
            "fiscalDateEnding": "2020-12-31",
            "reportedCurrency": "USD",
            "grossProfit": "-8032000000",
            "totalRevenue": "41712000000",
            "costOfRevenue": "49744000000",
            "costofGoodsAndServicesSold": "27059000000",
            "operatingIncome": "1345000000",
            "sellingGeneralAndAdministrative": "3966000000",
            "researchAndDevelopment": "None",
            "operatingExpenses": "286000000",
            "investmentIncomeNet": "None",
            "netInterestIncome": "-337000000",
            "interestIncome": "-337000000",
            "interestExpense": "337000000",
            "nonInterestIncome": "14902000000",
            "otherNonOperatingIncome": "-337000000",
            "depreciation": "None",
            "depreciationAndAmortization": "523000000",
            "incomeBeforeTax": "5371000000",
            "incomeTaxExpense": "1236000000",
            "interestAndDebtExpense": "1403000000",
            "netIncomeFromContinuingOperations": "4142000000",
            "comprehensiveIncomeNetOfTax": "3815000000",
            "ebit": "1345000000",
            "ebitda": "1868000000",
            "netIncome": "4135000000"
        },
        {
            "fiscalDateEnding": "2020-09-30",
            "reportedCurrency": "USD",
            "grossProfit": "-6321000000",
            "totalRevenue": "40955000000",
            "costOfRevenue": "47276000000",
            "costofGoodsAndServicesSold": "26624000000",
            "operatingIncome": "2108000000",
            "sellingGeneralAndAdministrative": "3301000000",
            "researchAndDevelopment": "None",
            "operatingExpenses": "3794000000",
            "investmentIncomeNet": "None",
            "netInterestIncome": "-336000000",
            "interestIncome": "-336000000",
            "interestExpense": "336000000",
            "nonInterestIncome": "10682000000",
            "otherNonOperatingIncome": "-336000000",
            "depreciation": "None",
            "depreciationAndAmortization": "493000000",
            "incomeBeforeTax": "1794000000",
            "incomeTaxExpense": "406000000",
            "interestAndDebtExpense": "0",
            "netIncomeFromContinuingOperations": "1398000000",
            "comprehensiveIncomeNetOfTax": "1635000000",
            "ebit": "2108000000",
            "ebitda": "2601000000",
            "netIncome": "1388000000"
        },
        {
            "fiscalDateEnding": "2020-06-30",
            "reportedCurrency": "USD",
            "grossProfit": "-4473000000",
            "totalRevenue": "39265000000",
            "costOfRevenue": "43738000000",
            "costofGoodsAndServicesSold": "25611000000",
            "operatingIncome": "2639000000",
            "sellingGeneralAndAdministrative": "3407000000",
            "researchAndDevelopment": "None",
            "operatingExpenses": "3903000000",
            "investmentIncomeNet": "None",
            "netInterestIncome": "-374000000",
            "interestIncome": "-374000000",
            "interestExpense": "374000000",
            "nonInterestIncome": "10392000000",
            "otherNonOperatingIncome": "-374000000",
            "depreciation": "None",
            "depreciationAndAmortization": "496000000",
            "incomeBeforeTax": "2283000000",
            "incomeTaxExpense": "529000000",
            "interestAndDebtExpense": "14000000",
            "netIncomeFromContinuingOperations": "1760000000",
            "comprehensiveIncomeNetOfTax": "2493000000",
            "ebit": "2639000000",
            "ebitda": "3135000000",
            "netIncome": "1754000000"
        },
        {
            "fiscalDateEnding": "2020-04-30",
            "reportedCurrency": "USD",
            "grossProfit": "-199000000",
            "totalRevenue": "None",
            "costOfRevenue": "None",
            "costofGoodsAndServicesSold": "None",
            "operatingIncome": "-199000000",
            "sellingGeneralAndAdministrative": "None",
            "researchAndDevelopment": "None",
            "operatingExpenses": "None",
            "investmentIncomeNet": "None",
            "netInterestIncome": "None",
            "interestIncome": "None",
            "interestExpense": "None",
            "nonInterestIncome": "-199000000",
            "otherNonOperatingIncome": "None",
            "depreciation": "None",
            "depreciationAndAmortization": "None",
            "incomeBeforeTax": "None",
            "incomeTaxExpense": "None",
            "interestAndDebtExpense": "199000000",
            "netIncomeFromContinuingOperations": "-199000000",
            "comprehensiveIncomeNetOfTax": "-199000000",
            "ebit": "-199000000",
            "ebitda": "None",
            "netIncome": "-199000000"
        },
        {
            "fiscalDateEnding": "2020-03-31",
            "reportedCurrency": "USD",
            "grossProfit": "-6261000000",
            "totalRevenue": "38469000000",
            "costOfRevenue": "44730000000",
            "costofGoodsAndServicesSold": "24190000000",
            "operatingIncome": "2061000000",
            "sellingGeneralAndAdministrative": "3398000000",
            "researchAndDevelopment": "None",
            "operatingExpenses": "3896000000",
            "investmentIncomeNet": "None",
            "netInterestIncome": "-391000000",
            "interestIncome": "-391000000",
            "interestExpense": "391000000",
            "nonInterestIncome": "10655000000",
            "otherNonOperatingIncome": "-391000000",
            "depreciation": "None",
            "depreciationAndAmortization": "498000000",
            "incomeBeforeTax": "1389000000",
            "incomeTaxExpense": "208000000",
            "interestAndDebtExpense": "185000000",
            "netIncomeFromContinuingOperations": "1189000000",
            "comprehensiveIncomeNetOfTax": "595000000",
            "ebit": "2061000000",
            "ebitda": "2559000000",
            "netIncome": "1181000000"
        },
        {
            "fiscalDateEnding": "2019-12-31",
            "reportedCurrency": "USD",
            "grossProfit": "38245000000",
            "totalRevenue": "38245000000",
            "costOfRevenue": "45064000000",
            "costofGoodsAndServicesSold": "24103000000",
            "operatingIncome": "1561000000",
            "sellingGeneralAndAdministrative": "3957000000",
            "researchAndDevelopment": "None",
            "operatingExpenses": "4700000000",
            "investmentIncomeNet": "None",
            "netInterestIncome": "-1601000000",
            "interestIncome": "-391000000",
            "interestExpense": "1601000000",
            "nonInterestIncome": "10003000000",
            "otherNonOperatingIncome": "-391000000",
            "depreciation": "None",
            "depreciationAndAmortization": "743000000",
            "incomeBeforeTax": "1538000000",
            "incomeTaxExpense": "277000000",
            "interestAndDebtExpense": "1603000000",
            "netIncomeFromContinuingOperations": "1261000000",
            "comprehensiveIncomeNetOfTax": "894000000",
            "ebit": "1561000000",
            "ebitda": "3882000000",
            "netIncome": "1261000000"
        },
        {
            "fiscalDateEnding": "2019-09-30",
            "reportedCurrency": "USD",
            "grossProfit": "-5617000000",
            "totalRevenue": "38556000000",
            "costOfRevenue": "44173000000",
            "costofGoodsAndServicesSold": "24552000000",
            "operatingIncome": "2123000000",
            "sellingGeneralAndAdministrative": "3413000000",
            "researchAndDevelopment": "None",
            "operatingExpenses": "4153000000",
            "investmentIncomeNet": "None",
            "netInterestIncome": "-411000000",
            "interestIncome": "-411000000",
            "interestExpense": "0",
            "nonInterestIncome": "9935000000",
            "otherNonOperatingIncome": "-411000000",
            "depreciation": "None",
            "depreciationAndAmortization": "740000000",
            "incomeBeforeTax": "1760000000",
            "incomeTaxExpense": "409000000",
            "interestAndDebtExpense": "0",
            "netIncomeFromContinuingOperations": "1354000000",
            "comprehensiveIncomeNetOfTax": "1458000000",
            "ebit": "2123000000",
            "ebitda": "2500000000",
            "netIncome": "1351000000"
        },
        {
            "fiscalDateEnding": "2019-06-30",
            "reportedCurrency": "USD",
            "grossProfit": "-5413000000",
            "totalRevenue": "38819000000",
            "costOfRevenue": "44232000000",
            "costofGoodsAndServicesSold": "24963000000",
            "operatingIncome": "2163000000",
            "sellingGeneralAndAdministrative": "3380000000",
            "researchAndDevelopment": "None",
            "operatingExpenses": "4117000000",
            "investmentIncomeNet": "None",
            "netInterestIncome": "-428000000",
            "interestIncome": "-428000000",
            "interestExpense": "428000000",
            "nonInterestIncome": "9803000000",
            "otherNonOperatingIncome": "-428000000",
            "depreciation": "None",
            "depreciationAndAmortization": "737000000",
            "incomeBeforeTax": "1756000000",
            "incomeTaxExpense": "348000000",
            "interestAndDebtExpense": "0",
            "netIncomeFromContinuingOperations": "1410000000",
            "comprehensiveIncomeNetOfTax": "1725000000",
            "ebit": "2163000000",
            "ebitda": "2900000000",
            "netIncome": "1408000000"
        },
        {
            "fiscalDateEnding": "2019-03-31",
            "reportedCurrency": "USD",
            "grossProfit": "-5390000000",
            "totalRevenue": "37946000000",
            "costOfRevenue": "43336000000",
            "costofGoodsAndServicesSold": "24050000000",
            "operatingIncome": "2230000000",
            "sellingGeneralAndAdministrative": "3303000000",
            "researchAndDevelopment": "None",
            "operatingExpenses": "4046000000",
            "investmentIncomeNet": "None",
            "netInterestIncome": "-452000000",
            "interestIncome": "-452000000",
            "interestExpense": "452000000",
            "nonInterestIncome": "9971000000",
            "otherNonOperatingIncome": "-452000000",
            "depreciation": "None",
            "depreciationAndAmortization": "743000000",
            "incomeBeforeTax": "1784000000",
            "incomeTaxExpense": "416000000",
            "interestAndDebtExpense": "0",
            "netIncomeFromContinuingOperations": "1372000000",
            "comprehensiveIncomeNetOfTax": "1797000000",
            "ebit": "2230000000",
            "ebitda": "2973000000",
            "netIncome": "1368000000"
        },
        {
            "fiscalDateEnding": "2018-12-31",
            "reportedCurrency": "USD",
            "grossProfit": "14300000000",
            "totalRevenue": "14300000000",
            "costOfRevenue": "10125000000",
            "costofGoodsAndServicesSold": "3017000000",
            "operatingIncome": "559000000",
            "sellingGeneralAndAdministrative": "3480000000",
            "researchAndDevelopment": "None",
            "operatingExpenses": "13306000000",
            "investmentIncomeNet": "None",
            "netInterestIncome": "None",
            "interestIncome": "None",
            "interestExpense": "-61000000",
            "nonInterestIncome": "None",
            "otherNonOperatingIncome": "-286000000",
            "depreciation": "None",
            "depreciationAndAmortization": "257000000",
            "incomeBeforeTax": "309000000",
            "incomeTaxExpense": "81000000",
            "interestAndDebtExpense": "None",
            "netIncomeFromContinuingOperations": "228000000",
            "comprehensiveIncomeNetOfTax": "290000000",
            "ebit": "559000000",
            "ebitda": "None",
            "netIncome": "228000000"
        }
    ]
}