{
    "symbol": "CTXS",
    "annualReports": [
        {
            "fiscalDateEnding": "2021-12-31",
            "reportedCurrency": "USD",
            "grossProfit": "2592093000",
            "totalRevenue": "3217170000",
            "costOfRevenue": "625077000",
            "costofGoodsAndServicesSold": "625077000",
            "operatingIncome": "236620000",
            "sellingGeneralAndAdministrative": "1604287000",
            "researchAndDevelopment": "581600000",
            "operatingExpenses": "2355473000",
            "investmentIncomeNet": "1232000",
            "netInterestIncome": "-91793000",
            "interestIncome": "1232000",
            "interestExpense": "91793000",
            "nonInterestIncome": "3205461000",
            "otherNonOperatingIncome": "21088000",
            "depreciation": "61633000",
            "depreciationAndAmortization": "76640000",
            "incomeBeforeTax": "167147000",
            "incomeTaxExpense": "-140352000",
            "interestAndDebtExpense": "91793000",
            "netIncomeFromContinuingOperations": "307499000",
            "comprehensiveIncomeNetOfTax": "308252000",
            "ebit": "258940000",
            "ebitda": "335580000",
            "netIncome": "307499000"
        },
        {
            "fiscalDateEnding": "2020-12-31",
            "reportedCurrency": "USD",
            "grossProfit": "2738154000",
            "totalRevenue": "3236700000",
            "costOfRevenue": "498546000",
            "costofGoodsAndServicesSold": "498546000",
            "operatingIncome": "608808000",
            "sellingGeneralAndAdministrative": "1576486000",
            "researchAndDevelopment": "538080000",
            "operatingExpenses": "2129346000",
            "investmentIncomeNet": "3108000",
            "netInterestIncome": "-64687000",
            "interestIncome": "3108000",
            "interestExpense": "64687000",
            "nonInterestIncome": "3257496000",
            "otherNonOperatingIncome": "7651000",
            "depreciation": "65125000",
            "depreciationAndAmortization": "57539000",
            "incomeBeforeTax": "554880000",
            "incomeTaxExpense": "50434000",
            "interestAndDebtExpense": "64687000",
            "netIncomeFromContinuingOperations": "504446000",
            "comprehensiveIncomeNetOfTax": "505924000",
            "ebit": "619567000",
            "ebitda": "677106000",
            "netIncome": "504446000"
        },
        {
            "fiscalDateEnding": "2019-12-31",
            "reportedCurrency": "USD",
            "grossProfit": "2546517000",
            "totalRevenue": "3010564000",
            "costOfRevenue": "464047000",
            "costofGoodsAndServicesSold": "464047000",
            "operatingIncome": "536118000",
            "sellingGeneralAndAdministrative": "1453385000",
            "researchAndDevelopment": "518877000",
            "operatingExpenses": "2010399000",
            "investmentIncomeNet": "18280000",
            "netInterestIncome": "-45974000",
            "interestIncome": "18280000",
            "interestExpense": "45974000",
            "nonInterestIncome": "3007933000",
            "otherNonOperatingIncome": "1076000",
            "depreciation": "72079000",
            "depreciationAndAmortization": "44829000",
            "incomeBeforeTax": "509500000",
            "incomeTaxExpense": "-172313000",
            "interestAndDebtExpense": "45974000",
            "netIncomeFromContinuingOperations": "681813000",
            "comprehensiveIncomeNetOfTax": "684840000",
            "ebit": "555474000",
            "ebitda": "600303000",
            "netIncome": "681813000"
        },
        {
            "fiscalDateEnding": "2018-12-31",
            "reportedCurrency": "USD",
            "grossProfit": "2540100000",
            "totalRevenue": "2973903000",
            "costOfRevenue": "433803000",
            "costofGoodsAndServicesSold": "433803000",
            "operatingIncome": "677960000",
            "sellingGeneralAndAdministrative": "1389577000",
            "researchAndDevelopment": "439984000",
            "operatingExpenses": "1862140000",
            "investmentIncomeNet": "40030000",
            "netInterestIncome": "-80162000",
            "interestIncome": "40030000",
            "interestExpense": "80162000",
            "nonInterestIncome": "2965953000",
            "otherNonOperatingIncome": "-8373000",
            "depreciation": "78983000",
            "depreciationAndAmortization": "38144000",
            "incomeBeforeTax": "629455000",
            "incomeTaxExpense": "53788000",
            "interestAndDebtExpense": "80162000",
            "netIncomeFromContinuingOperations": "575667000",
            "comprehensiveIncomeNetOfTax": "578319000",
            "ebit": "709617000",
            "ebitda": "747761000",
            "netIncome": "575667000"
        },
        {
            "fiscalDateEnding": "2017-12-31",
            "reportedCurrency": "USD",
            "grossProfit": "2385040000",
            "totalRevenue": "2824686000",
            "costOfRevenue": "439646000",
            "costofGoodsAndServicesSold": "424141000",
            "operatingIncome": "570997000",
            "sellingGeneralAndAdministrative": "1308677000",
            "researchAndDevelopment": "415801000",
            "operatingExpenses": "1814043000",
            "investmentIncomeNet": "27808000",
            "netInterestIncome": "-51609000",
            "interestIncome": "27808000",
            "interestExpense": "51609000",
            "nonInterestIncome": "7645000",
            "otherNonOperatingIncome": "3150000",
            "depreciation": "87137000",
            "depreciationAndAmortization": "18000000",
            "incomeBeforeTax": "507642000",
            "incomeTaxExpense": "528361000",
            "interestAndDebtExpense": "51609000",
            "netIncomeFromContinuingOperations": "21985000",
            "comprehensiveIncomeNetOfTax": "-16221000",
            "ebit": "559251000",
            "ebitda": "577251000",
            "netIncome": "-20719000"
        }
    ],
    "quarterlyReports": [
        {
            "fiscalDateEnding": "2021-12-31",
            "reportedCurrency": "USD",
            "grossProfit": "677365000",
            "totalRevenue": "850848000",
            "costOfRevenue": "173483000",
            "costofGoodsAndServicesSold": "173483000",
            "operatingIncome": "-24855000",
            "sellingGeneralAndAdministrative": "433797000",
            "researchAndDevelopment": "145452000",
            "operatingExpenses": "702220000",
            "investmentIncomeNet": "320000",
            "netInterestIncome": "-21719000",
            "interestIncome": "320000",
            "interestExpense": "21719000",
            "nonInterestIncome": "853017000",
            "otherNonOperatingIncome": "3607000",
            "depreciation": "None",
            "depreciationAndAmortization": "109497000",
            "incomeBeforeTax": "-42647000",
            "incomeTaxExpense": "-145545000",
            "interestAndDebtExpense": "21719000",
            "netIncomeFromContinuingOperations": "102898000",
            "comprehensiveIncomeNetOfTax": "106864000",
            "ebit": "-20928000",
            "ebitda": "88569000",
            "netIncome": "102898000"
        },
        {
            "fiscalDateEnding": "2021-09-30",
            "reportedCurrency": "USD",
            "grossProfit": "631626000",
            "totalRevenue": "778445000",
            "costOfRevenue": "146819000",
            "costofGoodsAndServicesSold": "146819000",
            "operatingIncome": "84465000",
            "sellingGeneralAndAdministrative": "381702000",
            "researchAndDevelopment": "145811000",
            "operatingExpenses": "547161000",
            "investmentIncomeNet": "319000",
            "netInterestIncome": "-22809000",
            "interestIncome": "319000",
            "interestExpense": "22809000",
            "nonInterestIncome": "778445000",
            "otherNonOperatingIncome": "-2050000",
            "depreciation": "None",
            "depreciationAndAmortization": "89145000",
            "incomeBeforeTax": "59925000",
            "incomeTaxExpense": "8138000",
            "interestAndDebtExpense": "22809000",
            "netIncomeFromContinuingOperations": "51787000",
            "comprehensiveIncomeNetOfTax": "50940000",
            "ebit": "82734000",
            "ebitda": "171879000",
            "netIncome": "51787000"
        },
        {
            "fiscalDateEnding": "2021-06-30",
            "reportedCurrency": "USD",
            "grossProfit": "650805000",
            "totalRevenue": "812111000",
            "costOfRevenue": "161306000",
            "costofGoodsAndServicesSold": "161306000",
            "operatingIncome": "84677000",
            "sellingGeneralAndAdministrative": "400514000",
            "researchAndDevelopment": "146179000",
            "operatingExpenses": "566128000",
            "investmentIncomeNet": "272000",
            "netInterestIncome": "-22905000",
            "interestIncome": "272000",
            "interestExpense": "22905000",
            "nonInterestIncome": "812111000",
            "otherNonOperatingIncome": "6635000",
            "depreciation": "None",
            "depreciationAndAmortization": "88138000",
            "incomeBeforeTax": "68679000",
            "incomeTaxExpense": "5913000",
            "interestAndDebtExpense": "22905000",
            "netIncomeFromContinuingOperations": "62766000",
            "comprehensiveIncomeNetOfTax": "62136000",
            "ebit": "91584000",
            "ebitda": "179722000",
            "netIncome": "62766000"
        },
        {
            "fiscalDateEnding": "2021-03-31",
            "reportedCurrency": "USD",
            "grossProfit": "632297000",
            "totalRevenue": "775766000",
            "costOfRevenue": "143469000",
            "costofGoodsAndServicesSold": "143469000",
            "operatingIncome": "92333000",
            "sellingGeneralAndAdministrative": "388274000",
            "researchAndDevelopment": "144158000",
            "operatingExpenses": "539964000",
            "investmentIncomeNet": "321000",
            "netInterestIncome": "-24360000",
            "interestIncome": "321000",
            "interestExpense": "24360000",
            "nonInterestIncome": "764995000",
            "otherNonOperatingIncome": "12896000",
            "depreciation": "None",
            "depreciationAndAmortization": "70206000",
            "incomeBeforeTax": "81190000",
            "incomeTaxExpense": "-8858000",
            "interestAndDebtExpense": "24360000",
            "netIncomeFromContinuingOperations": "90048000",
            "comprehensiveIncomeNetOfTax": "88312000",
            "ebit": "105550000",
            "ebitda": "175756000",
            "netIncome": "90048000"
        },
        {
            "fiscalDateEnding": "2020-12-31",
            "reportedCurrency": "USD",
            "grossProfit": "676213000",
            "totalRevenue": "809656000",
            "costOfRevenue": "133443000",
            "costofGoodsAndServicesSold": "133443000",
            "operatingIncome": "135285000",
            "sellingGeneralAndAdministrative": "407709000",
            "researchAndDevelopment": "132517000",
            "operatingExpenses": "540928000",
            "investmentIncomeNet": "423000",
            "netInterestIncome": "-16361000",
            "interestIncome": "423000",
            "interestExpense": "16361000",
            "nonInterestIncome": "809656000",
            "otherNonOperatingIncome": "-199000",
            "depreciation": "None",
            "depreciationAndAmortization": "-8873000",
            "incomeBeforeTax": "119148000",
            "incomeTaxExpense": "7057000",
            "interestAndDebtExpense": "16361000",
            "netIncomeFromContinuingOperations": "135285000",
            "comprehensiveIncomeNetOfTax": "112769000",
            "ebit": "135509000",
            "ebitda": "126636000",
            "netIncome": "112091000"
        },
        {
            "fiscalDateEnding": "2020-09-30",
            "reportedCurrency": "USD",
            "grossProfit": "639884000",
            "totalRevenue": "767170000",
            "costOfRevenue": "127286000",
            "costofGoodsAndServicesSold": "127286000",
            "operatingIncome": "128305000",
            "sellingGeneralAndAdministrative": "380250000",
            "researchAndDevelopment": "130628000",
            "operatingExpenses": "511579000",
            "investmentIncomeNet": "491000",
            "netInterestIncome": "-16639000",
            "interestIncome": "491000",
            "interestExpense": "16639000",
            "nonInterestIncome": "767170000",
            "otherNonOperatingIncome": "3841000",
            "depreciation": "None",
            "depreciationAndAmortization": "52690000",
            "incomeBeforeTax": "115998000",
            "incomeTaxExpense": "17771000",
            "interestAndDebtExpense": "16639000",
            "netIncomeFromContinuingOperations": "98227000",
            "comprehensiveIncomeNetOfTax": "100365000",
            "ebit": "132637000",
            "ebitda": "185327000",
            "netIncome": "98227000"
        },
        {
            "fiscalDateEnding": "2020-06-30",
            "reportedCurrency": "USD",
            "grossProfit": "676689000",
            "totalRevenue": "798929000",
            "costOfRevenue": "122240000",
            "costofGoodsAndServicesSold": "122240000",
            "operatingIncome": "143671000",
            "sellingGeneralAndAdministrative": "382319000",
            "researchAndDevelopment": "140477000",
            "operatingExpenses": "533018000",
            "investmentIncomeNet": "589000",
            "netInterestIncome": "-17076000",
            "interestIncome": "589000",
            "interestExpense": "17076000",
            "nonInterestIncome": "798929000",
            "otherNonOperatingIncome": "1911000",
            "depreciation": "None",
            "depreciationAndAmortization": "52892000",
            "incomeBeforeTax": "129095000",
            "incomeTaxExpense": "16189000",
            "interestAndDebtExpense": "17076000",
            "netIncomeFromContinuingOperations": "112906000",
            "comprehensiveIncomeNetOfTax": "114251000",
            "ebit": "146171000",
            "ebitda": "199063000",
            "netIncome": "112906000"
        },
        {
            "fiscalDateEnding": "2020-03-31",
            "reportedCurrency": "USD",
            "grossProfit": "745368000",
            "totalRevenue": "860945000",
            "costOfRevenue": "115577000",
            "costofGoodsAndServicesSold": "115577000",
            "operatingIncome": "201547000",
            "sellingGeneralAndAdministrative": "406208000",
            "researchAndDevelopment": "134458000",
            "operatingExpenses": "543821000",
            "investmentIncomeNet": "1605000",
            "netInterestIncome": "-14611000",
            "interestIncome": "1605000",
            "interestExpense": "14611000",
            "nonInterestIncome": "858151000",
            "otherNonOperatingIncome": "2098000",
            "depreciation": "None",
            "depreciationAndAmortization": "53701000",
            "incomeBeforeTax": "190639000",
            "incomeTaxExpense": "9417000",
            "interestAndDebtExpense": "14611000",
            "netIncomeFromContinuingOperations": "181222000",
            "comprehensiveIncomeNetOfTax": "178539000",
            "ebit": "205250000",
            "ebitda": "258951000",
            "netIncome": "181222000"
        },
        {
            "fiscalDateEnding": "2019-12-31",
            "reportedCurrency": "USD",
            "grossProfit": "690646000",
            "totalRevenue": "809823000",
            "costOfRevenue": "119177000",
            "costofGoodsAndServicesSold": "119177000",
            "operatingIncome": "185361000",
            "sellingGeneralAndAdministrative": "366676000",
            "researchAndDevelopment": "128165000",
            "operatingExpenses": "505285000",
            "investmentIncomeNet": "2087000",
            "netInterestIncome": "-8830000",
            "interestIncome": "2087000",
            "interestExpense": "8830000",
            "nonInterestIncome": "809823000",
            "otherNonOperatingIncome": "-2659000",
            "depreciation": "None",
            "depreciationAndAmortization": "1029000",
            "incomeBeforeTax": "175959000",
            "incomeTaxExpense": "-31154000",
            "interestAndDebtExpense": "8830000",
            "netIncomeFromContinuingOperations": "207113000",
            "comprehensiveIncomeNetOfTax": "208468000",
            "ebit": "184789000",
            "ebitda": "185818000",
            "netIncome": "207113000"
        },
        {
            "fiscalDateEnding": "2019-09-30",
            "reportedCurrency": "USD",
            "grossProfit": "605983000",
            "totalRevenue": "732901000",
            "costOfRevenue": "126918000",
            "costofGoodsAndServicesSold": "126918000",
            "operatingIncome": "110831000",
            "sellingGeneralAndAdministrative": "354916000",
            "researchAndDevelopment": "126420000",
            "operatingExpenses": "495152000",
            "investmentIncomeNet": "2649000",
            "netInterestIncome": "-8822000",
            "interestIncome": "2649000",
            "interestExpense": "8822000",
            "nonInterestIncome": "732901000",
            "otherNonOperatingIncome": "3456000",
            "depreciation": "None",
            "depreciationAndAmortization": "69754000",
            "incomeBeforeTax": "108114000",
            "incomeTaxExpense": "-162743000",
            "interestAndDebtExpense": "8822000",
            "netIncomeFromContinuingOperations": "270857000",
            "comprehensiveIncomeNetOfTax": "268985000",
            "ebit": "116936000",
            "ebitda": "186690000",
            "netIncome": "270857000"
        },
        {
            "fiscalDateEnding": "2019-06-30",
            "reportedCurrency": "USD",
            "grossProfit": "638218000",
            "totalRevenue": "748697000",
            "costOfRevenue": "110479000",
            "costofGoodsAndServicesSold": "110479000",
            "operatingIncome": "117082000",
            "sellingGeneralAndAdministrative": "379591000",
            "researchAndDevelopment": "134029000",
            "operatingExpenses": "521136000",
            "investmentIncomeNet": "3870000",
            "netInterestIncome": "-10289000",
            "interestIncome": "3870000",
            "interestExpense": "10289000",
            "nonInterestIncome": "748697000",
            "otherNonOperatingIncome": "-3420000",
            "depreciation": "None",
            "depreciationAndAmortization": "56217000",
            "incomeBeforeTax": "107243000",
            "incomeTaxExpense": "13748000",
            "interestAndDebtExpense": "10289000",
            "netIncomeFromContinuingOperations": "93495000",
            "comprehensiveIncomeNetOfTax": "94368000",
            "ebit": "117532000",
            "ebitda": "173749000",
            "netIncome": "93495000"
        },
        {
            "fiscalDateEnding": "2019-03-31",
            "reportedCurrency": "USD",
            "grossProfit": "611670000",
            "totalRevenue": "719143000",
            "costOfRevenue": "107473000",
            "costofGoodsAndServicesSold": "107473000",
            "operatingIncome": "122844000",
            "sellingGeneralAndAdministrative": "352202000",
            "researchAndDevelopment": "130263000",
            "operatingExpenses": "488826000",
            "investmentIncomeNet": "9674000",
            "netInterestIncome": "-18033000",
            "interestIncome": "9674000",
            "interestExpense": "18033000",
            "nonInterestIncome": "721082000",
            "otherNonOperatingIncome": "3699000",
            "depreciation": "None",
            "depreciationAndAmortization": "62472000",
            "incomeBeforeTax": "118184000",
            "incomeTaxExpense": "7836000",
            "interestAndDebtExpense": "18033000",
            "netIncomeFromContinuingOperations": "110348000",
            "comprehensiveIncomeNetOfTax": "113019000",
            "ebit": "136217000",
            "ebitda": "198689000",
            "netIncome": "110348000"
        },
        {
            "fiscalDateEnding": "2018-12-31",
            "reportedCurrency": "USD",
            "grossProfit": "689019000",
            "totalRevenue": "801870000",
            "costOfRevenue": "112851000",
            "costofGoodsAndServicesSold": "112851000",
            "operatingIncome": "202471000",
            "sellingGeneralAndAdministrative": "361921000",
            "researchAndDevelopment": "116934000",
            "operatingExpenses": "486548000",
            "investmentIncomeNet": "11001000",
            "netInterestIncome": "-19322000",
            "interestIncome": "None",
            "interestExpense": "19322000",
            "nonInterestIncome": "801870000",
            "otherNonOperatingIncome": "-6526000",
            "depreciation": "None",
            "depreciationAndAmortization": "-19686000",
            "incomeBeforeTax": "187624000",
            "incomeTaxExpense": "21906000",
            "interestAndDebtExpense": "19322000",
            "netIncomeFromContinuingOperations": "165718000",
            "comprehensiveIncomeNetOfTax": "175855000",
            "ebit": "206946000",
            "ebitda": "187260000",
            "netIncome": "165718000"
        },
        {
            "fiscalDateEnding": "2018-09-30",
            "reportedCurrency": "USD",
            "grossProfit": "628559000",
            "totalRevenue": "732476000",
            "costOfRevenue": "103917000",
            "costofGoodsAndServicesSold": "103917000",
            "operatingIncome": "164779000",
            "sellingGeneralAndAdministrative": "348646000",
            "researchAndDevelopment": "111557000",
            "operatingExpenses": "463780000",
            "investmentIncomeNet": "10896000",
            "netInterestIncome": "-19962000",
            "interestIncome": "None",
            "interestExpense": "19962000",
            "nonInterestIncome": "732476000",
            "otherNonOperatingIncome": "3702000",
            "depreciation": "None",
            "depreciationAndAmortization": "55316000",
            "incomeBeforeTax": "159415000",
            "incomeTaxExpense": "558000",
            "interestAndDebtExpense": "19962000",
            "netIncomeFromContinuingOperations": "158857000",
            "comprehensiveIncomeNetOfTax": "159284000",
            "ebit": "179377000",
            "ebitda": "234693000",
            "netIncome": "158857000"
        },
        {
            "fiscalDateEnding": "2018-06-30",
            "reportedCurrency": "USD",
            "grossProfit": "633616000",
            "totalRevenue": "742365000",
            "costOfRevenue": "108749000",
            "costofGoodsAndServicesSold": "108749000",
            "operatingIncome": "145147000",
            "sellingGeneralAndAdministrative": "364070000",
            "researchAndDevelopment": "112943000",
            "operatingExpenses": "488469000",
            "investmentIncomeNet": "9402000",
            "netInterestIncome": "-20542000",
            "interestIncome": "None",
            "interestExpense": "20542000",
            "nonInterestIncome": "742365000",
            "otherNonOperatingIncome": "-2537000",
            "depreciation": "None",
            "depreciationAndAmortization": "54390000",
            "incomeBeforeTax": "131470000",
            "incomeTaxExpense": "24637000",
            "interestAndDebtExpense": "20542000",
            "netIncomeFromContinuingOperations": "106833000",
            "comprehensiveIncomeNetOfTax": "102989000",
            "ebit": "152012000",
            "ebitda": "206402000",
            "netIncome": "106833000"
        },
        {
            "fiscalDateEnding": "2018-03-31",
            "reportedCurrency": "USD",
            "grossProfit": "588906000",
            "totalRevenue": "697192000",
            "costOfRevenue": "108286000",
            "costofGoodsAndServicesSold": "108286000",
            "operatingIncome": "165563000",
            "sellingGeneralAndAdministrative": "314940000",
            "researchAndDevelopment": "98550000",
            "operatingExpenses": "423343000",
            "investmentIncomeNet": "8731000",
            "netInterestIncome": "-20336000",
            "interestIncome": "None",
            "interestExpense": "20336000",
            "nonInterestIncome": "699098000",
            "otherNonOperatingIncome": "-3012000",
            "depreciation": "None",
            "depreciationAndAmortization": "51876000",
            "incomeBeforeTax": "150946000",
            "incomeTaxExpense": "6687000",
            "interestAndDebtExpense": "20336000",
            "netIncomeFromContinuingOperations": "144259000",
            "comprehensiveIncomeNetOfTax": "140191000",
            "ebit": "171282000",
            "ebitda": "223158000",
            "netIncome": "144259000"
        },
        {
            "fiscalDateEnding": "2017-12-31",
            "reportedCurrency": "USD",
            "grossProfit": "655918000",
            "totalRevenue": "777857000",
            "costOfRevenue": "121939000",
            "costofGoodsAndServicesSold": "106434000",
            "operatingIncome": "189699000",
            "sellingGeneralAndAdministrative": "307080000",
            "researchAndDevelopment": "99323000",
            "operatingExpenses": "466219000",
            "investmentIncomeNet": "8763000",
            "netInterestIncome": "-16323000",
            "interestIncome": "None",
            "interestExpense": "16323000",
            "nonInterestIncome": "777857000",
            "otherNonOperatingIncome": "-16000",
            "depreciation": "None",
            "depreciationAndAmortization": "20202000",
            "incomeBeforeTax": "182123000",
            "incomeTaxExpense": "466012000",
            "interestAndDebtExpense": "16323000",
            "netIncomeFromContinuingOperations": "-283889000",
            "comprehensiveIncomeNetOfTax": "-286028000",
            "ebit": "198446000",
            "ebitda": "218648000",
            "netIncome": "-283889000"
        },
        {
            "fiscalDateEnding": "2017-09-30",
            "reportedCurrency": "USD",
            "grossProfit": "584988000",
            "totalRevenue": "690925000",
            "costOfRevenue": "105937000",
            "costofGoodsAndServicesSold": "105937000",
            "operatingIncome": "136713000",
            "sellingGeneralAndAdministrative": "328877000",
            "researchAndDevelopment": "107113000",
            "operatingExpenses": "448275000",
            "investmentIncomeNet": "7873000",
            "netInterestIncome": "-11726000",
            "interestIncome": "None",
            "interestExpense": "11726000",
            "nonInterestIncome": "690925000",
            "otherNonOperatingIncome": "981000",
            "depreciation": "None",
            "depreciationAndAmortization": "52410000",
            "incomeBeforeTax": "133841000",
            "incomeTaxExpense": "7121000",
            "interestAndDebtExpense": "11726000",
            "netIncomeFromContinuingOperations": "126720000",
            "comprehensiveIncomeNetOfTax": "126832000",
            "ebit": "145567000",
            "ebitda": "197977000",
            "netIncome": "126720000"
        },
        {
            "fiscalDateEnding": "2017-06-30",
            "reportedCurrency": "USD",
            "grossProfit": "583915000",
            "totalRevenue": "693227000",
            "costOfRevenue": "109312000",
            "costofGoodsAndServicesSold": "109312000",
            "operatingIncome": "121941000",
            "sellingGeneralAndAdministrative": "349446000",
            "researchAndDevelopment": "106696000",
            "operatingExpenses": "461974000",
            "investmentIncomeNet": "5560000",
            "netInterestIncome": "-12007000",
            "interestIncome": "None",
            "interestExpense": "12007000",
            "nonInterestIncome": "693227000",
            "otherNonOperatingIncome": "-1141000",
            "depreciation": "None",
            "depreciationAndAmortization": "48103000",
            "incomeBeforeTax": "114353000",
            "incomeTaxExpense": "5524000",
            "interestAndDebtExpense": "12007000",
            "netIncomeFromContinuingOperations": "108829000",
            "comprehensiveIncomeNetOfTax": "110984000",
            "ebit": "126360000",
            "ebitda": "174463000",
            "netIncome": "108829000"
        },
        {
            "fiscalDateEnding": "2017-03-31",
            "reportedCurrency": "USD",
            "grossProfit": "560219000",
            "totalRevenue": "662677000",
            "costOfRevenue": "102458000",
            "costofGoodsAndServicesSold": "102458000",
            "operatingIncome": "122644000",
            "sellingGeneralAndAdministrative": "322976000",
            "researchAndDevelopment": "102669000",
            "operatingExpenses": "437575000",
            "investmentIncomeNet": "5612000",
            "netInterestIncome": "-11553000",
            "interestIncome": "None",
            "interestExpense": "11553000",
            "nonInterestIncome": "5390000",
            "otherNonOperatingIncome": "3326000",
            "depreciation": "None",
            "depreciationAndAmortization": "49300000",
            "incomeBeforeTax": "77325000",
            "incomeTaxExpense": "49704000",
            "interestAndDebtExpense": "11553000",
            "netIncomeFromContinuingOperations": "70325000",
            "comprehensiveIncomeNetOfTax": "31991000",
            "ebit": "88878000",
            "ebitda": "138178000",
            "netIncome": "27621000"
        }
    ]
}