{
    "symbol": "D",
    "annualReports": [
        {
            "fiscalDateEnding": "2021-12-31",
            "reportedCurrency": "USD",
            "grossProfit": "10116000000",
            "totalRevenue": "13964000000",
            "costOfRevenue": "3848000000",
            "costofGoodsAndServicesSold": "7558000000",
            "operatingIncome": "3019000000",
            "sellingGeneralAndAdministrative": "951000000",
            "researchAndDevelopment": "None",
            "operatingExpenses": "3163000000",
            "investmentIncomeNet": "101000000",
            "netInterestIncome": "-117000000",
            "interestIncome": "-372000000",
            "interestExpense": "117000000",
            "nonInterestIncome": "14388000000",
            "otherNonOperatingIncome": "1157000000",
            "depreciation": "None",
            "depreciationAndAmortization": "2478000000",
            "incomeBeforeTax": "3713000000",
            "incomeTaxExpense": "425000000",
            "interestAndDebtExpense": "1354000000",
            "netIncomeFromContinuingOperations": "2647000000",
            "comprehensiveIncomeNetOfTax": "3547000000",
            "ebit": "3019000000",
            "ebitda": "6308000000",
            "netIncome": "3288000000"
        },
        {
            "fiscalDateEnding": "2020-12-31",
            "reportedCurrency": "USD",
            "grossProfit": "8582000000",
            "totalRevenue": "14172000000",
            "costOfRevenue": "5590000000",
            "costofGoodsAndServicesSold": "6870000000",
            "operatingIncome": "2055000000",
            "sellingGeneralAndAdministrative": "935000000",
            "researchAndDevelopment": "None",
            "operatingExpenses": "5527000000",
            "investmentIncomeNet": "107000000",
            "netInterestIncome": "-103000000",
            "interestIncome": "-3677000000",
            "interestExpense": "103000000",
            "nonInterestIncome": "11424000000",
            "otherNonOperatingIncome": "693000000",
            "depreciation": "None",
            "depreciationAndAmortization": "2332000000",
            "incomeBeforeTax": "-318000000",
            "incomeTaxExpense": "83000000",
            "interestAndDebtExpense": "1377000000",
            "netIncomeFromContinuingOperations": "1583000000",
            "comprehensiveIncomeNetOfTax": "-325000000",
            "ebit": "2055000000",
            "ebitda": "2117000000",
            "netIncome": "-401000000"
        },
        {
            "fiscalDateEnding": "2019-12-31",
            "reportedCurrency": "USD",
            "grossProfit": "11083000000",
            "totalRevenue": "14401000000",
            "costOfRevenue": "5489000000",
            "costofGoodsAndServicesSold": "8990000000",
            "operatingIncome": "1544000000",
            "sellingGeneralAndAdministrative": "1086000000",
            "researchAndDevelopment": "None",
            "operatingExpenses": "5322000000",
            "investmentIncomeNet": "101000000",
            "netInterestIncome": "-93000000",
            "interestIncome": "-1614000000",
            "interestExpense": "93000000",
            "nonInterestIncome": "162000000",
            "otherNonOperatingIncome": "811000000",
            "depreciation": "None",
            "depreciationAndAmortization": "2283000000",
            "incomeBeforeTax": "1567000000",
            "incomeTaxExpense": "209000000",
            "interestAndDebtExpense": "1486000000",
            "netIncomeFromContinuingOperations": "653000000",
            "comprehensiveIncomeNetOfTax": "1265000000",
            "ebit": "1544000000",
            "ebitda": "3943000000",
            "netIncome": "1358000000"
        },
        {
            "fiscalDateEnding": "2018-12-31",
            "reportedCurrency": "USD",
            "grossProfit": "9903000000",
            "totalRevenue": "11199000000",
            "costOfRevenue": "3463000000",
            "costofGoodsAndServicesSold": "7039000000",
            "operatingIncome": "3013000000",
            "sellingGeneralAndAdministrative": "860000000",
            "researchAndDevelopment": "None",
            "operatingExpenses": "2457000000",
            "investmentIncomeNet": "84000000",
            "netInterestIncome": "-134000000",
            "interestIncome": "-1296000000",
            "interestExpense": "134000000",
            "nonInterestIncome": "0",
            "otherNonOperatingIncome": "885000000",
            "depreciation": "None",
            "depreciationAndAmortization": "1660000000",
            "incomeBeforeTax": "2969000000",
            "incomeTaxExpense": "522000000",
            "interestAndDebtExpense": "1279000000",
            "netIncomeFromContinuingOperations": "2087000000",
            "comprehensiveIncomeNetOfTax": "2429000000",
            "ebit": "3013000000",
            "ebitda": "4763000000",
            "netIncome": "2447000000"
        },
        {
            "fiscalDateEnding": "2017-12-31",
            "reportedCurrency": "USD",
            "grossProfit": "7201000000",
            "totalRevenue": "12586000000",
            "costOfRevenue": "5149000000",
            "costofGoodsAndServicesSold": "2301000000",
            "operatingIncome": "3937000000",
            "sellingGeneralAndAdministrative": "826000000",
            "researchAndDevelopment": "None",
            "operatingExpenses": "2700000000",
            "investmentIncomeNet": "82000000",
            "netInterestIncome": "-236000000",
            "interestIncome": "-1191000000",
            "interestExpense": "236000000",
            "nonInterestIncome": "0",
            "otherNonOperatingIncome": "358000000",
            "depreciation": "None",
            "depreciationAndAmortization": "1905000000",
            "incomeBeforeTax": "2969000000",
            "incomeTaxExpense": "-30000000",
            "interestAndDebtExpense": "1205000000",
            "netIncomeFromContinuingOperations": "3102000000",
            "comprehensiveIncomeNetOfTax": "3139000000",
            "ebit": "3937000000",
            "ebitda": "5110000000",
            "netIncome": "2999000000"
        }
    ],
    "quarterlyReports": [
        {
            "fiscalDateEnding": "2021-12-31",
            "reportedCurrency": "USD",
            "grossProfit": "2761000000",
            "totalRevenue": "3880000000",
            "costOfRevenue": "1119000000",
            "costofGoodsAndServicesSold": "2091000000",
            "operatingIncome": "937000000",
            "sellingGeneralAndAdministrative": "249000000",
            "researchAndDevelopment": "None",
            "operatingExpenses": "434000000",
            "investmentIncomeNet": "None",
            "netInterestIncome": "-376000000",
            "interestIncome": "119000000",
            "interestExpense": "376000000",
            "nonInterestIncome": "3726000000",
            "otherNonOperatingIncome": "425000000",
            "depreciation": "None",
            "depreciationAndAmortization": "645000000",
            "incomeBeforeTax": "1566000000",
            "incomeTaxExpense": "225000000",
            "interestAndDebtExpense": "376000000",
            "netIncomeFromContinuingOperations": "819000000",
            "comprehensiveIncomeNetOfTax": "1499000000",
            "ebit": "937000000",
            "ebitda": "1582000000",
            "netIncome": "1341000000"
        },
        {
            "fiscalDateEnding": "2021-09-30",
            "reportedCurrency": "USD",
            "grossProfit": "2554000000",
            "totalRevenue": "3176000000",
            "costOfRevenue": "622000000",
            "costofGoodsAndServicesSold": "1713000000",
            "operatingIncome": "841000000",
            "sellingGeneralAndAdministrative": "223000000",
            "researchAndDevelopment": "None",
            "operatingExpenses": "622000000",
            "investmentIncomeNet": "None",
            "netInterestIncome": "-407000000",
            "interestIncome": "-364000000",
            "interestExpense": "407000000",
            "nonInterestIncome": "3445000000",
            "otherNonOperatingIncome": "133000000",
            "depreciation": "None",
            "depreciationAndAmortization": "621000000",
            "incomeBeforeTax": "689000000",
            "incomeTaxExpense": "35000000",
            "interestAndDebtExpense": "407000000",
            "netIncomeFromContinuingOperations": "589000000",
            "comprehensiveIncomeNetOfTax": "678000000",
            "ebit": "841000000",
            "ebitda": "1462000000",
            "netIncome": "654000000"
        },
        {
            "fiscalDateEnding": "2021-06-30",
            "reportedCurrency": "USD",
            "grossProfit": "1891000000",
            "totalRevenue": "3038000000",
            "costOfRevenue": "1147000000",
            "costofGoodsAndServicesSold": "1528000000",
            "operatingIncome": "363000000",
            "sellingGeneralAndAdministrative": "222000000",
            "researchAndDevelopment": "None",
            "operatingExpenses": "1147000000",
            "investmentIncomeNet": "None",
            "netInterestIncome": "-518000000",
            "interestIncome": "-453000000",
            "interestExpense": "518000000",
            "nonInterestIncome": "3218000000",
            "otherNonOperatingIncome": "312000000",
            "depreciation": "None",
            "depreciationAndAmortization": "604000000",
            "incomeBeforeTax": "238000000",
            "incomeTaxExpense": "-47000000",
            "interestAndDebtExpense": "518000000",
            "netIncomeFromContinuingOperations": "259000000",
            "comprehensiveIncomeNetOfTax": "316000000",
            "ebit": "363000000",
            "ebitda": "967000000",
            "netIncome": "285000000"
        },
        {
            "fiscalDateEnding": "2021-03-31",
            "reportedCurrency": "USD",
            "grossProfit": "2910000000",
            "totalRevenue": "3870000000",
            "costOfRevenue": "960000000",
            "costofGoodsAndServicesSold": "2032000000",
            "operatingIncome": "878000000",
            "sellingGeneralAndAdministrative": "257000000",
            "researchAndDevelopment": "None",
            "operatingExpenses": "960000000",
            "investmentIncomeNet": "None",
            "netInterestIncome": "-53000000",
            "interestIncome": "-53000000",
            "interestExpense": "53000000",
            "nonInterestIncome": "4018000000",
            "otherNonOperatingIncome": "367000000",
            "depreciation": "None",
            "depreciationAndAmortization": "608000000",
            "incomeBeforeTax": "1220000000",
            "incomeTaxExpense": "212000000",
            "interestAndDebtExpense": "53000000",
            "netIncomeFromContinuingOperations": "980000000",
            "comprehensiveIncomeNetOfTax": "1054000000",
            "ebit": "878000000",
            "ebitda": "1486000000",
            "netIncome": "1008000000"
        },
        {
            "fiscalDateEnding": "2020-12-31",
            "reportedCurrency": "USD",
            "grossProfit": "3521000000",
            "totalRevenue": "3521000000",
            "costOfRevenue": "1213000000",
            "costofGoodsAndServicesSold": "1795000000",
            "operatingIncome": "856000000",
            "sellingGeneralAndAdministrative": "272000000",
            "researchAndDevelopment": "None",
            "operatingExpenses": "1150000000",
            "investmentIncomeNet": "None",
            "netInterestIncome": "-241000000",
            "interestIncome": "-241000000",
            "interestExpense": "241000000",
            "nonInterestIncome": "3444000000",
            "otherNonOperatingIncome": "406000000",
            "depreciation": "None",
            "depreciationAndAmortization": "581000000",
            "incomeBeforeTax": "888000000",
            "incomeTaxExpense": "206000000",
            "interestAndDebtExpense": "241000000",
            "netIncomeFromContinuingOperations": "816000000",
            "comprehensiveIncomeNetOfTax": "981000000",
            "ebit": "856000000",
            "ebitda": "1437000000",
            "netIncome": "682000000"
        },
        {
            "fiscalDateEnding": "2020-09-30",
            "reportedCurrency": "USD",
            "grossProfit": "1658000000",
            "totalRevenue": "3607000000",
            "costOfRevenue": "1949000000",
            "costofGoodsAndServicesSold": "1631000000",
            "operatingIncome": "27000000",
            "sellingGeneralAndAdministrative": "203000000",
            "researchAndDevelopment": "None",
            "operatingExpenses": "1949000000",
            "investmentIncomeNet": "None",
            "netInterestIncome": "-306000000",
            "interestIncome": "-378000000",
            "interestExpense": "306000000",
            "nonInterestIncome": "3551000000",
            "otherNonOperatingIncome": "286000000",
            "depreciation": "None",
            "depreciationAndAmortization": "595000000",
            "incomeBeforeTax": "246000000",
            "incomeTaxExpense": "-110000000",
            "interestAndDebtExpense": "306000000",
            "netIncomeFromContinuingOperations": "369000000",
            "comprehensiveIncomeNetOfTax": "320000000",
            "ebit": "27000000",
            "ebitda": "622000000",
            "netIncome": "356000000"
        },
        {
            "fiscalDateEnding": "2020-06-30",
            "reportedCurrency": "USD",
            "grossProfit": "2125000000",
            "totalRevenue": "3106000000",
            "costOfRevenue": "1460000000",
            "costofGoodsAndServicesSold": "1585000000",
            "operatingIncome": "804000000",
            "sellingGeneralAndAdministrative": "256000000",
            "researchAndDevelopment": "None",
            "operatingExpenses": "1460000000",
            "investmentIncomeNet": "None",
            "netInterestIncome": "-449000000",
            "interestIncome": "-2730000000",
            "interestExpense": "449000000",
            "nonInterestIncome": "3475000000",
            "otherNonOperatingIncome": "498000000",
            "depreciation": "None",
            "depreciationAndAmortization": "578000000",
            "incomeBeforeTax": "-1132000000",
            "incomeTaxExpense": "37000000",
            "interestAndDebtExpense": "398000000",
            "netIncomeFromContinuingOperations": "863000000",
            "comprehensiveIncomeNetOfTax": "-1131000000",
            "ebit": "804000000",
            "ebitda": "1382000000",
            "netIncome": "-1169000000"
        },
        {
            "fiscalDateEnding": "2020-03-31",
            "reportedCurrency": "USD",
            "grossProfit": "2771000000",
            "totalRevenue": "3938000000",
            "costOfRevenue": "1725000000",
            "costofGoodsAndServicesSold": "2140000000",
            "operatingIncome": "368000000",
            "sellingGeneralAndAdministrative": "284000000",
            "researchAndDevelopment": "None",
            "operatingExpenses": "1725000000",
            "investmentIncomeNet": "None",
            "netInterestIncome": "-490000000",
            "interestIncome": "-490000000",
            "interestExpense": "490000000",
            "nonInterestIncome": "4309000000",
            "otherNonOperatingIncome": "-454000000",
            "depreciation": "None",
            "depreciationAndAmortization": "578000000",
            "incomeBeforeTax": "-320000000",
            "incomeTaxExpense": "-50000000",
            "interestAndDebtExpense": "432000000",
            "netIncomeFromContinuingOperations": "-466000000",
            "comprehensiveIncomeNetOfTax": "-495000000",
            "ebit": "368000000",
            "ebitda": "946000000",
            "netIncome": "-270000000"
        },
        {
            "fiscalDateEnding": "2019-12-31",
            "reportedCurrency": "USD",
            "grossProfit": "4475000000",
            "totalRevenue": "3895000000",
            "costOfRevenue": "1407000000",
            "costofGoodsAndServicesSold": "2228000000",
            "operatingIncome": "936000000",
            "sellingGeneralAndAdministrative": "267000000",
            "researchAndDevelopment": "None",
            "operatingExpenses": "1260000000",
            "investmentIncomeNet": "None",
            "netInterestIncome": "-90000000",
            "interestIncome": "-419000000",
            "interestExpense": "90000000",
            "nonInterestIncome": "-11295000000",
            "otherNonOperatingIncome": "285000000",
            "depreciation": "None",
            "depreciationAndAmortization": "570000000",
            "incomeBeforeTax": "1057000000",
            "incomeTaxExpense": "48000000",
            "interestAndDebtExpense": "353000000",
            "netIncomeFromContinuingOperations": "824000000",
            "comprehensiveIncomeNetOfTax": "993000000",
            "ebit": "936000000",
            "ebitda": "1717000000",
            "netIncome": "1009000000"
        },
        {
            "fiscalDateEnding": "2019-09-30",
            "reportedCurrency": "USD",
            "grossProfit": "3262000000",
            "totalRevenue": "3782000000",
            "costOfRevenue": "1007000000",
            "costofGoodsAndServicesSold": "1948000000",
            "operatingIncome": "1104000000",
            "sellingGeneralAndAdministrative": "243000000",
            "researchAndDevelopment": "None",
            "operatingExpenses": "1007000000",
            "investmentIncomeNet": "None",
            "netInterestIncome": "-1000000",
            "interestIncome": "-451000000",
            "interestExpense": "1000000",
            "nonInterestIncome": "4081000000",
            "otherNonOperatingIncome": "129000000",
            "depreciation": "None",
            "depreciationAndAmortization": "586000000",
            "incomeBeforeTax": "891000000",
            "incomeTaxExpense": "-84000000",
            "interestAndDebtExpense": "370000000",
            "netIncomeFromContinuingOperations": "937000000",
            "comprehensiveIncomeNetOfTax": "881000000",
            "ebit": "1104000000",
            "ebitda": "1478000000",
            "netIncome": "975000000"
        },
        {
            "fiscalDateEnding": "2019-06-30",
            "reportedCurrency": "USD",
            "grossProfit": "2713000000",
            "totalRevenue": "3443000000",
            "costOfRevenue": "1257000000",
            "costofGoodsAndServicesSold": "2252000000",
            "operatingIncome": "248000000",
            "sellingGeneralAndAdministrative": "284000000",
            "researchAndDevelopment": "None",
            "operatingExpenses": "1257000000",
            "investmentIncomeNet": "None",
            "netInterestIncome": "-452000000",
            "interestIncome": "-452000000",
            "interestExpense": "452000000",
            "nonInterestIncome": "3746000000",
            "otherNonOperatingIncome": "53000000",
            "depreciation": "None",
            "depreciationAndAmortization": "661000000",
            "incomeBeforeTax": "97000000",
            "incomeTaxExpense": "43000000",
            "interestAndDebtExpense": "452000000",
            "netIncomeFromContinuingOperations": "58000000",
            "comprehensiveIncomeNetOfTax": "102000000",
            "ebit": "248000000",
            "ebitda": "909000000",
            "netIncome": "54000000"
        },
        {
            "fiscalDateEnding": "2019-03-31",
            "reportedCurrency": "USD",
            "grossProfit": "2193000000",
            "totalRevenue": "3281000000",
            "costOfRevenue": "1665000000",
            "costofGoodsAndServicesSold": "2562000000",
            "operatingIncome": "-744000000",
            "sellingGeneralAndAdministrative": "292000000",
            "researchAndDevelopment": "None",
            "operatingExpenses": "1665000000",
            "investmentIncomeNet": "None",
            "netInterestIncome": "-469000000",
            "interestIncome": "-460000000",
            "interestExpense": "469000000",
            "nonInterestIncome": "3631000000",
            "otherNonOperatingIncome": "388000000",
            "depreciation": "None",
            "depreciationAndAmortization": "651000000",
            "incomeBeforeTax": "-566000000",
            "incomeTaxExpense": "114000000",
            "interestAndDebtExpense": "469000000",
            "netIncomeFromContinuingOperations": "-677000000",
            "comprehensiveIncomeNetOfTax": "-711000000",
            "ebit": "-744000000",
            "ebitda": "-93000000",
            "netIncome": "-680000000"
        },
        {
            "fiscalDateEnding": "2018-12-31",
            "reportedCurrency": "USD",
            "grossProfit": "3361000000",
            "totalRevenue": "3361000000",
            "costOfRevenue": "1353000000",
            "costofGoodsAndServicesSold": "1830000000",
            "operatingIncome": "834000000",
            "sellingGeneralAndAdministrative": "318000000",
            "researchAndDevelopment": "None",
            "operatingExpenses": "543000000",
            "investmentIncomeNet": "None",
            "netInterestIncome": "None",
            "interestIncome": "None",
            "interestExpense": "440000000",
            "nonInterestIncome": "-9631000000",
            "otherNonOperatingIncome": "227000000",
            "depreciation": "None",
            "depreciationAndAmortization": "173000000",
            "incomeBeforeTax": "678000000",
            "incomeTaxExpense": "37000000",
            "interestAndDebtExpense": "226000000",
            "netIncomeFromContinuingOperations": "200000000",
            "comprehensiveIncomeNetOfTax": "461000000",
            "ebit": "834000000",
            "ebitda": "1007000000",
            "netIncome": "641000000"
        },
        {
            "fiscalDateEnding": "2018-09-30",
            "reportedCurrency": "USD",
            "grossProfit": "2748000000",
            "totalRevenue": "3451000000",
            "costOfRevenue": "703000000",
            "costofGoodsAndServicesSold": "1598000000",
            "operatingIncome": "1150000000",
            "sellingGeneralAndAdministrative": "177000000",
            "researchAndDevelopment": "None",
            "operatingExpenses": "703000000",
            "investmentIncomeNet": "None",
            "netInterestIncome": "None",
            "interestIncome": "None",
            "interestExpense": "378000000",
            "nonInterestIncome": "3362000000",
            "otherNonOperatingIncome": "373000000",
            "depreciation": "None",
            "depreciationAndAmortization": "526000000",
            "incomeBeforeTax": "1116000000",
            "incomeTaxExpense": "262000000",
            "interestAndDebtExpense": "378000000",
            "netIncomeFromContinuingOperations": "883000000",
            "comprehensiveIncomeNetOfTax": "872000000",
            "ebit": "1150000000",
            "ebitda": "1676000000",
            "netIncome": "854000000"
        },
        {
            "fiscalDateEnding": "2018-06-30",
            "reportedCurrency": "USD",
            "grossProfit": "2459000000",
            "totalRevenue": "3088000000",
            "costOfRevenue": "629000000",
            "costofGoodsAndServicesSold": "1717000000",
            "operatingIncome": "742000000",
            "sellingGeneralAndAdministrative": "166000000",
            "researchAndDevelopment": "None",
            "operatingExpenses": "629000000",
            "investmentIncomeNet": "None",
            "netInterestIncome": "None",
            "interestIncome": "None",
            "interestExpense": "361000000",
            "nonInterestIncome": "2945000000",
            "otherNonOperatingIncome": "185000000",
            "depreciation": "None",
            "depreciationAndAmortization": "463000000",
            "incomeBeforeTax": "537000000",
            "incomeTaxExpense": "88000000",
            "interestAndDebtExpense": "361000000",
            "netIncomeFromContinuingOperations": "478000000",
            "comprehensiveIncomeNetOfTax": "462000000",
            "ebit": "742000000",
            "ebitda": "1205000000",
            "netIncome": "449000000"
        },
        {
            "fiscalDateEnding": "2018-03-31",
            "reportedCurrency": "USD",
            "grossProfit": "2006000000",
            "totalRevenue": "3466000000",
            "costOfRevenue": "1441000000",
            "costofGoodsAndServicesSold": "744000000",
            "operatingIncome": "875000000",
            "sellingGeneralAndAdministrative": "199000000",
            "researchAndDevelopment": "None",
            "operatingExpenses": "653000000",
            "investmentIncomeNet": "None",
            "netInterestIncome": "None",
            "interestIncome": "None",
            "interestExpense": "314000000",
            "nonInterestIncome": "-19000000",
            "otherNonOperatingIncome": "100000000",
            "depreciation": "None",
            "depreciationAndAmortization": "498000000",
            "incomeBeforeTax": "638000000",
            "incomeTaxExpense": "135000000",
            "interestAndDebtExpense": "314000000",
            "netIncomeFromContinuingOperations": "526000000",
            "comprehensiveIncomeNetOfTax": "634000000",
            "ebit": "875000000",
            "ebitda": "1373000000",
            "netIncome": "503000000"
        },
        {
            "fiscalDateEnding": "2017-12-31",
            "reportedCurrency": "USD",
            "grossProfit": "3210000000",
            "totalRevenue": "3210000000",
            "costOfRevenue": "1498000000",
            "costofGoodsAndServicesSold": "590000000",
            "operatingIncome": "953000000",
            "sellingGeneralAndAdministrative": "307000000",
            "researchAndDevelopment": "None",
            "operatingExpenses": "821000000",
            "investmentIncomeNet": "None",
            "netInterestIncome": "None",
            "interestIncome": "None",
            "interestExpense": "300000000",
            "nonInterestIncome": "None",
            "otherNonOperatingIncome": "-33000000",
            "depreciation": "None",
            "depreciationAndAmortization": "484000000",
            "incomeBeforeTax": "599000000",
            "incomeTaxExpense": "-713000000",
            "interestAndDebtExpense": "300000000",
            "netIncomeFromContinuingOperations": "1004000000",
            "comprehensiveIncomeNetOfTax": "1281000000",
            "ebit": "953000000",
            "ebitda": "1437000000",
            "netIncome": "1312000000"
        },
        {
            "fiscalDateEnding": "2017-09-30",
            "reportedCurrency": "USD",
            "grossProfit": "1894000000",
            "totalRevenue": "3179000000",
            "costOfRevenue": "1285000000",
            "costofGoodsAndServicesSold": "638000000",
            "operatingIncome": "1152000000",
            "sellingGeneralAndAdministrative": "162000000",
            "researchAndDevelopment": "None",
            "operatingExpenses": "647000000",
            "investmentIncomeNet": "None",
            "netInterestIncome": "None",
            "interestIncome": "None",
            "interestExpense": "305000000",
            "nonInterestIncome": "None",
            "otherNonOperatingIncome": "121000000",
            "depreciation": "None",
            "depreciationAndAmortization": "485000000",
            "incomeBeforeTax": "937000000",
            "incomeTaxExpense": "272000000",
            "interestAndDebtExpense": "305000000",
            "netIncomeFromContinuingOperations": "696000000",
            "comprehensiveIncomeNetOfTax": "719000000",
            "ebit": "1152000000",
            "ebitda": "1637000000",
            "netIncome": "665000000"
        },
        {
            "fiscalDateEnding": "2017-06-30",
            "reportedCurrency": "USD",
            "grossProfit": "1680000000",
            "totalRevenue": "2813000000",
            "costOfRevenue": "1133000000",
            "costofGoodsAndServicesSold": "498000000",
            "operatingIncome": "753000000",
            "sellingGeneralAndAdministrative": "168000000",
            "researchAndDevelopment": "None",
            "operatingExpenses": "635000000",
            "investmentIncomeNet": "None",
            "netInterestIncome": "None",
            "interestIncome": "None",
            "interestExpense": "308000000",
            "nonInterestIncome": "None",
            "otherNonOperatingIncome": "108000000",
            "depreciation": "None",
            "depreciationAndAmortization": "467000000",
            "incomeBeforeTax": "526000000",
            "incomeTaxExpense": "136000000",
            "interestAndDebtExpense": "308000000",
            "netIncomeFromContinuingOperations": "417000000",
            "comprehensiveIncomeNetOfTax": "443000000",
            "ebit": "753000000",
            "ebitda": "1220000000",
            "netIncome": "390000000"
        },
        {
            "fiscalDateEnding": "2017-03-31",
            "reportedCurrency": "USD",
            "grossProfit": "2151000000",
            "totalRevenue": "3384000000",
            "costOfRevenue": "1233000000",
            "costofGoodsAndServicesSold": "575000000",
            "operatingIncome": "1079000000",
            "sellingGeneralAndAdministrative": "189000000",
            "researchAndDevelopment": "None",
            "operatingExpenses": "658000000",
            "investmentIncomeNet": "None",
            "netInterestIncome": "None",
            "interestIncome": "None",
            "interestExpense": "292000000",
            "nonInterestIncome": "None",
            "otherNonOperatingIncome": "162000000",
            "depreciation": "None",
            "depreciationAndAmortization": "469000000",
            "incomeBeforeTax": "907000000",
            "incomeTaxExpense": "275000000",
            "interestAndDebtExpense": "292000000",
            "netIncomeFromContinuingOperations": "674000000",
            "comprehensiveIncomeNetOfTax": "696000000",
            "ebit": "1079000000",
            "ebitda": "1548000000",
            "netIncome": "632000000"
        }
    ]
}