{
    "symbol": "DE",
    "annualReports": [
        {
            "fiscalDateEnding": "2021-10-31",
            "reportedCurrency": "USD",
            "grossProfit": "40455000000",
            "totalRevenue": "44024000000",
            "costOfRevenue": "3569000000",
            "costofGoodsAndServicesSold": "30311000000",
            "operatingIncome": "8012000000",
            "sellingGeneralAndAdministrative": "3383000000",
            "researchAndDevelopment": "1587000000",
            "operatingExpenses": "5162000000",
            "investmentIncomeNet": "1854000000",
            "netInterestIncome": "-993000000",
            "interestIncome": "-993000000",
            "interestExpense": "993000000",
            "nonInterestIncome": "-468000000",
            "otherNonOperatingIncome": "21000000",
            "depreciation": "None",
            "depreciationAndAmortization": "142000000",
            "incomeBeforeTax": "7621000000",
            "incomeTaxExpense": "1658000000",
            "interestAndDebtExpense": "993000000",
            "netIncomeFromContinuingOperations": "5965000000",
            "comprehensiveIncomeNetOfTax": "8963000000",
            "ebit": "8614000000",
            "ebitda": "8756000000",
            "netIncome": "5963000000"
        },
        {
            "fiscalDateEnding": "2020-11-01",
            "reportedCurrency": "USD",
            "grossProfit": "7595000000",
            "totalRevenue": "35540000000",
            "costOfRevenue": "27945000000",
            "costofGoodsAndServicesSold": "25112000000",
            "operatingIncome": "4305000000",
            "sellingGeneralAndAdministrative": "3477000000",
            "researchAndDevelopment": "1644000000",
            "operatingExpenses": "5461000000",
            "investmentIncomeNet": "1962000000",
            "netInterestIncome": "-1247000000",
            "interestIncome": "-1247000000",
            "interestExpense": "1247000000",
            "nonInterestIncome": "185000000",
            "otherNonOperatingIncome": "-48000000",
            "depreciation": "800000000",
            "depreciationAndAmortization": "122000000",
            "incomeBeforeTax": "3833000000",
            "incomeTaxExpense": "1082000000",
            "interestAndDebtExpense": "1247000000",
            "netIncomeFromContinuingOperations": "2753000000",
            "comprehensiveIncomeNetOfTax": "2819000000",
            "ebit": "5080000000",
            "ebitda": "5202000000",
            "netIncome": "2751000000"
        },
        {
            "fiscalDateEnding": "2019-11-03",
            "reportedCurrency": "USD",
            "grossProfit": "8094000000",
            "totalRevenue": "39258000000",
            "costOfRevenue": "31164000000",
            "costofGoodsAndServicesSold": "28449000000",
            "operatingIncome": "4415000000",
            "sellingGeneralAndAdministrative": "3551000000",
            "researchAndDevelopment": "1783000000",
            "operatingExpenses": "5525000000",
            "investmentIncomeNet": "2074000000",
            "netInterestIncome": "-1466000000",
            "interestIncome": "-1410000000",
            "interestExpense": "1466000000",
            "nonInterestIncome": "6000000",
            "otherNonOperatingIncome": "21000000",
            "depreciation": "779000000",
            "depreciationAndAmortization": "109000000",
            "incomeBeforeTax": "4105000000",
            "incomeTaxExpense": "852000000",
            "interestAndDebtExpense": "1466000000",
            "netIncomeFromContinuingOperations": "3257000000",
            "comprehensiveIncomeNetOfTax": "2081000000",
            "ebit": "5571000000",
            "ebitda": "5680000000",
            "netIncome": "3253000000"
        },
        {
            "fiscalDateEnding": "2018-10-28",
            "reportedCurrency": "USD",
            "grossProfit": "7780000000",
            "totalRevenue": "37358000000",
            "costOfRevenue": "29578000000",
            "costofGoodsAndServicesSold": "928000000",
            "operatingIncome": "4476000000",
            "sellingGeneralAndAdministrative": "3455000000",
            "researchAndDevelopment": "1658000000",
            "operatingExpenses": "5303900000",
            "investmentIncomeNet": "1794000000",
            "netInterestIncome": "-1203600000",
            "interestIncome": "400000",
            "interestExpense": "1204000000",
            "nonInterestIncome": "162000000",
            "otherNonOperatingIncome": "26800000",
            "depreciation": "754000000",
            "depreciationAndAmortization": "100000000",
            "incomeBeforeTax": "4095000000",
            "incomeTaxExpense": "1727000000",
            "interestAndDebtExpense": "1203600000",
            "netIncomeFromContinuingOperations": "2370600000",
            "comprehensiveIncomeNetOfTax": "3222000000",
            "ebit": "5299000000",
            "ebitda": "5399000000",
            "netIncome": "2368000000"
        },
        {
            "fiscalDateEnding": "2017-10-29",
            "reportedCurrency": "USD",
            "grossProfit": "6019000000",
            "totalRevenue": "29738000000",
            "costOfRevenue": "23719000000",
            "costofGoodsAndServicesSold": "20101500000",
            "operatingIncome": "3574000000",
            "sellingGeneralAndAdministrative": "3098000000",
            "researchAndDevelopment": "1373000000",
            "operatingExpenses": "4481500000",
            "investmentIncomeNet": "1575000000",
            "netInterestIncome": "-899500000",
            "interestIncome": "-500000",
            "interestExpense": "899000000",
            "nonInterestIncome": "42000000",
            "otherNonOperatingIncome": "-23500000",
            "depreciation": "726000000",
            "depreciationAndAmortization": "18000000",
            "incomeBeforeTax": "3130000000",
            "incomeTaxExpense": "971000000",
            "interestAndDebtExpense": "899500000",
            "netIncomeFromContinuingOperations": "2159200000",
            "comprehensiveIncomeNetOfTax": "3221000000",
            "ebit": "4029000000",
            "ebitda": "4047000000",
            "netIncome": "2159000000"
        }
    ],
    "quarterlyReports": [
        {
            "fiscalDateEnding": "2022-01-30",
            "reportedCurrency": "USD",
            "grossProfit": "8758000000",
            "totalRevenue": "9569000000",
            "costOfRevenue": "811000000",
            "costofGoodsAndServicesSold": "6924000000",
            "operatingIncome": "1235000000",
            "sellingGeneralAndAdministrative": "781000000",
            "researchAndDevelopment": "402000000",
            "operatingExpenses": "1211000000",
            "investmentIncomeNet": "None",
            "netInterestIncome": "-229000000",
            "interestIncome": "-229000000",
            "interestExpense": "229000000",
            "nonInterestIncome": "158000000",
            "otherNonOperatingIncome": "3000000",
            "depreciation": "None",
            "depreciationAndAmortization": "28000000",
            "incomeBeforeTax": "1153000000",
            "incomeTaxExpense": "250000000",
            "interestAndDebtExpense": "229000000",
            "netIncomeFromContinuingOperations": "904000000",
            "comprehensiveIncomeNetOfTax": "290000000",
            "ebit": "1382000000",
            "ebitda": "1410000000",
            "netIncome": "903000000"
        },
        {
            "fiscalDateEnding": "2021-10-31",
            "reportedCurrency": "USD",
            "grossProfit": "2664000000",
            "totalRevenue": "11327000000",
            "costOfRevenue": "8221000000",
            "costofGoodsAndServicesSold": "8221000000",
            "operatingIncome": "1692000000",
            "sellingGeneralAndAdministrative": "935000000",
            "researchAndDevelopment": "450000000",
            "operatingExpenses": "1157000000",
            "investmentIncomeNet": "None",
            "netInterestIncome": "None",
            "interestIncome": "-210000000",
            "interestExpense": "210000000",
            "nonInterestIncome": "None",
            "otherNonOperatingIncome": "1000000",
            "depreciation": "None",
            "depreciationAndAmortization": "481000000",
            "incomeBeforeTax": "1613000000",
            "incomeTaxExpense": "330000000",
            "interestAndDebtExpense": "None",
            "netIncomeFromContinuingOperations": "1284000000",
            "comprehensiveIncomeNetOfTax": "3755000000",
            "ebit": "1823000000",
            "ebitda": "2094000000",
            "netIncome": "1283000000"
        },
        {
            "fiscalDateEnding": "2021-08-01",
            "reportedCurrency": "USD",
            "grossProfit": "3709000000",
            "totalRevenue": "11527000000",
            "costOfRevenue": "7818000000",
            "costofGoodsAndServicesSold": "7818000000",
            "operatingIncome": "2243000000",
            "sellingGeneralAndAdministrative": "841000000",
            "researchAndDevelopment": "394000000",
            "operatingExpenses": "1559000000",
            "investmentIncomeNet": "None",
            "netInterestIncome": "None",
            "interestIncome": "-244000000",
            "interestExpense": "244000000",
            "nonInterestIncome": "None",
            "otherNonOperatingIncome": "8000000",
            "depreciation": "None",
            "depreciationAndAmortization": "515000000",
            "incomeBeforeTax": "2158000000",
            "incomeTaxExpense": "491000000",
            "interestAndDebtExpense": "None",
            "netIncomeFromContinuingOperations": "1667000000",
            "comprehensiveIncomeNetOfTax": "1616000000",
            "ebit": "2402000000",
            "ebitda": "2673000000",
            "netIncome": "1667000000"
        },
        {
            "fiscalDateEnding": "2021-05-02",
            "reportedCurrency": "USD",
            "grossProfit": "3862000000",
            "totalRevenue": "12058000000",
            "costOfRevenue": "8196000000",
            "costofGoodsAndServicesSold": "8196000000",
            "operatingIncome": "2439000000",
            "sellingGeneralAndAdministrative": "838000000",
            "researchAndDevelopment": "377000000",
            "operatingExpenses": "1550000000",
            "investmentIncomeNet": "None",
            "netInterestIncome": "None",
            "interestIncome": "-268000000",
            "interestExpense": "268000000",
            "nonInterestIncome": "None",
            "otherNonOperatingIncome": "8000000",
            "depreciation": "None",
            "depreciationAndAmortization": "516000000",
            "incomeBeforeTax": "2320000000",
            "incomeTaxExpense": "530000000",
            "interestAndDebtExpense": "None",
            "netIncomeFromContinuingOperations": "1790000000",
            "comprehensiveIncomeNetOfTax": "1908000000",
            "ebit": "2588000000",
            "ebitda": "2836000000",
            "netIncome": "1790000000"
        },
        {
            "fiscalDateEnding": "2021-01-31",
            "reportedCurrency": "USD",
            "grossProfit": "8264000000",
            "totalRevenue": "9112000000",
            "costOfRevenue": "848000000",
            "costofGoodsAndServicesSold": "6076000000",
            "operatingIncome": "1638000000",
            "sellingGeneralAndAdministrative": "769000000",
            "researchAndDevelopment": "366000000",
            "operatingExpenses": "1219000000",
            "investmentIncomeNet": "None",
            "netInterestIncome": "-271000000",
            "interestIncome": "-271000000",
            "interestExpense": "271000000",
            "nonInterestIncome": "-182000000",
            "otherNonOperatingIncome": "4000000",
            "depreciation": "None",
            "depreciationAndAmortization": "34000000",
            "incomeBeforeTax": "1532000000",
            "incomeTaxExpense": "308000000",
            "interestAndDebtExpense": "271000000",
            "netIncomeFromContinuingOperations": "1224000000",
            "comprehensiveIncomeNetOfTax": "1685000000",
            "ebit": "1803000000",
            "ebitda": "1837000000",
            "netIncome": "1224000000"
        },
        {
            "fiscalDateEnding": "2020-11-01",
            "reportedCurrency": "USD",
            "grossProfit": "2189000000",
            "totalRevenue": "9731000000",
            "costOfRevenue": "7542000000",
            "costofGoodsAndServicesSold": "6937000000",
            "operatingIncome": "1304000000",
            "sellingGeneralAndAdministrative": "1010000000",
            "researchAndDevelopment": "443000000",
            "operatingExpenses": "1717000000",
            "investmentIncomeNet": "None",
            "netInterestIncome": "-278000000",
            "interestIncome": "-278000000",
            "interestExpense": "278000000",
            "nonInterestIncome": "20000000",
            "otherNonOperatingIncome": "-28000000",
            "depreciation": "None",
            "depreciationAndAmortization": "46000000",
            "incomeBeforeTax": "1087000000",
            "incomeTaxExpense": "330000000",
            "interestAndDebtExpense": "278000000",
            "netIncomeFromContinuingOperations": "758000000",
            "comprehensiveIncomeNetOfTax": "538000000",
            "ebit": "1365000000",
            "ebitda": "1411000000",
            "netIncome": "757000000"
        },
        {
            "fiscalDateEnding": "2020-08-02",
            "reportedCurrency": "USD",
            "grossProfit": "2024000000",
            "totalRevenue": "8925000000",
            "costOfRevenue": "6901000000",
            "costofGoodsAndServicesSold": "6214000000",
            "operatingIncome": "1390000000",
            "sellingGeneralAndAdministrative": "752000000",
            "researchAndDevelopment": "370000000",
            "operatingExpenses": "1148000000",
            "investmentIncomeNet": "None",
            "netInterestIncome": "-290000000",
            "interestIncome": "-290000000",
            "interestExpense": "290000000",
            "nonInterestIncome": "-80000000",
            "otherNonOperatingIncome": "-2000000",
            "depreciation": "None",
            "depreciationAndAmortization": "26000000",
            "incomeBeforeTax": "1268000000",
            "incomeTaxExpense": "457000000",
            "interestAndDebtExpense": "290000000",
            "netIncomeFromContinuingOperations": "1270000000",
            "comprehensiveIncomeNetOfTax": "1207000000",
            "ebit": "1558000000",
            "ebitda": "1584000000",
            "netIncome": "811000000"
        },
        {
            "fiscalDateEnding": "2020-05-03",
            "reportedCurrency": "USD",
            "grossProfit": "1930000000",
            "totalRevenue": "9253000000",
            "costOfRevenue": "7323000000",
            "costofGoodsAndServicesSold": "6833000000",
            "operatingIncome": "965000000",
            "sellingGeneralAndAdministrative": "906000000",
            "researchAndDevelopment": "406000000",
            "operatingExpenses": "1338000000",
            "investmentIncomeNet": "None",
            "netInterestIncome": "-342000000",
            "interestIncome": "-106000000",
            "interestExpense": "342000000",
            "nonInterestIncome": "237000000",
            "otherNonOperatingIncome": "-17000000",
            "depreciation": "None",
            "depreciationAndAmortization": "26000000",
            "incomeBeforeTax": "911000000",
            "incomeTaxExpense": "245000000",
            "interestAndDebtExpense": "342000000",
            "netIncomeFromContinuingOperations": "929000000",
            "comprehensiveIncomeNetOfTax": "280000000",
            "ebit": "1253000000",
            "ebitda": "1279000000",
            "netIncome": "666000000"
        },
        {
            "fiscalDateEnding": "2020-02-02",
            "reportedCurrency": "USD",
            "grossProfit": "1452000000",
            "totalRevenue": "7631000000",
            "costOfRevenue": "6179000000",
            "costofGoodsAndServicesSold": "5502000000",
            "operatingIncome": "645000000",
            "sellingGeneralAndAdministrative": "809000000",
            "researchAndDevelopment": "425000000",
            "operatingExpenses": "1259000000",
            "investmentIncomeNet": "None",
            "netInterestIncome": "-336000000",
            "interestIncome": "-330000000",
            "interestExpense": "336000000",
            "nonInterestIncome": "8000000",
            "otherNonOperatingIncome": "-1000000",
            "depreciation": "None",
            "depreciationAndAmortization": "25000000",
            "incomeBeforeTax": "567000000",
            "incomeTaxExpense": "50000000",
            "interestAndDebtExpense": "336000000",
            "netIncomeFromContinuingOperations": "569000000",
            "comprehensiveIncomeNetOfTax": "795000000",
            "ebit": "903000000",
            "ebitda": "928000000",
            "netIncome": "517000000"
        },
        {
            "fiscalDateEnding": "2019-11-03",
            "reportedCurrency": "USD",
            "grossProfit": "1968000000",
            "totalRevenue": "9896000000",
            "costOfRevenue": "7928000000",
            "costofGoodsAndServicesSold": "7243000000",
            "operatingIncome": "917000000",
            "sellingGeneralAndAdministrative": "944000000",
            "researchAndDevelopment": "488000000",
            "operatingExpenses": "1541000000",
            "investmentIncomeNet": "None",
            "netInterestIncome": "-388000000",
            "interestIncome": "None",
            "interestExpense": "388000000",
            "nonInterestIncome": "-33000000",
            "otherNonOperatingIncome": "1100000",
            "depreciation": "None",
            "depreciationAndAmortization": "27000000",
            "incomeBeforeTax": "825000000",
            "incomeTaxExpense": "104000000",
            "interestAndDebtExpense": "388000000",
            "netIncomeFromContinuingOperations": "825000000",
            "comprehensiveIncomeNetOfTax": "-305000000",
            "ebit": "1213000000",
            "ebitda": "1240000000",
            "netIncome": "721000000"
        },
        {
            "fiscalDateEnding": "2019-07-28",
            "reportedCurrency": "USD",
            "grossProfit": "2099000000",
            "totalRevenue": "10036000000",
            "costOfRevenue": "7937000000",
            "costofGoodsAndServicesSold": "7202000000",
            "operatingIncome": "1194000000",
            "sellingGeneralAndAdministrative": "896000000",
            "researchAndDevelopment": "431000000",
            "operatingExpenses": "1354000000",
            "investmentIncomeNet": "None",
            "netInterestIncome": "-374000000",
            "interestIncome": "None",
            "interestExpense": "374000000",
            "nonInterestIncome": "-33000000",
            "otherNonOperatingIncome": "7000000",
            "depreciation": "None",
            "depreciationAndAmortization": "27000000",
            "incomeBeforeTax": "1120000000",
            "incomeTaxExpense": "221000000",
            "interestAndDebtExpense": "374000000",
            "netIncomeFromContinuingOperations": "899000000",
            "comprehensiveIncomeNetOfTax": "928000000",
            "ebit": "1494000000",
            "ebitda": "1521000000",
            "netIncome": "899000000"
        },
        {
            "fiscalDateEnding": "2019-04-28",
            "reportedCurrency": "USD",
            "grossProfit": "2518000000",
            "totalRevenue": "11342000000",
            "costOfRevenue": "8824000000",
            "costofGoodsAndServicesSold": "8206200000",
            "operatingIncome": "1536000000",
            "sellingGeneralAndAdministrative": "947000000",
            "researchAndDevelopment": "457000000",
            "operatingExpenses": "1433000000",
            "investmentIncomeNet": "None",
            "netInterestIncome": "-350800000",
            "interestIncome": "200000",
            "interestExpense": "351000000",
            "nonInterestIncome": "75000000",
            "otherNonOperatingIncome": "6400000",
            "depreciation": "None",
            "depreciationAndAmortization": "29000000",
            "incomeBeforeTax": "1478000000",
            "incomeTaxExpense": "343000000",
            "interestAndDebtExpense": "350800000",
            "netIncomeFromContinuingOperations": "1136300000",
            "comprehensiveIncomeNetOfTax": "1103000000",
            "ebit": "1829000000",
            "ebitda": "1858000000",
            "netIncome": "1135000000"
        },
        {
            "fiscalDateEnding": "2019-01-27",
            "reportedCurrency": "USD",
            "grossProfit": "1509000000",
            "totalRevenue": "7984000000",
            "costOfRevenue": "6475000000",
            "costofGoodsAndServicesSold": "5797900000",
            "operatingIncome": "769000000",
            "sellingGeneralAndAdministrative": "764000000",
            "researchAndDevelopment": "407000000",
            "operatingExpenses": "1200000000",
            "investmentIncomeNet": "None",
            "netInterestIncome": "-353000000",
            "interestIncome": "None",
            "interestExpense": "353000000",
            "nonInterestIncome": "-3000000",
            "otherNonOperatingIncome": "6500000",
            "depreciation": "None",
            "depreciationAndAmortization": "27000000",
            "incomeBeforeTax": "682000000",
            "incomeTaxExpense": "184000000",
            "interestAndDebtExpense": "353000000",
            "netIncomeFromContinuingOperations": "499600000",
            "comprehensiveIncomeNetOfTax": "355000000",
            "ebit": "1035000000",
            "ebitda": "1062000000",
            "netIncome": "498000000"
        },
        {
            "fiscalDateEnding": "2018-10-28",
            "reportedCurrency": "USD",
            "grossProfit": "1962000000",
            "totalRevenue": "9416000000",
            "costOfRevenue": "7454000000",
            "costofGoodsAndServicesSold": "-18262500000",
            "operatingIncome": "1063000000",
            "sellingGeneralAndAdministrative": "898000000",
            "researchAndDevelopment": "470000000",
            "operatingExpenses": "1647000000",
            "investmentIncomeNet": "None",
            "netInterestIncome": "-322600000",
            "interestIncome": "400000",
            "interestExpense": "323000000",
            "nonInterestIncome": "95000000",
            "otherNonOperatingIncome": "8900000",
            "depreciation": "None",
            "depreciationAndAmortization": "29000000",
            "incomeBeforeTax": "988000000",
            "incomeTaxExpense": "203000000",
            "interestAndDebtExpense": "322600000",
            "netIncomeFromContinuingOperations": "979000000",
            "comprehensiveIncomeNetOfTax": "1627000000",
            "ebit": "1311000000",
            "ebitda": "1340000000",
            "netIncome": "785000000"
        },
        {
            "fiscalDateEnding": "2018-07-29",
            "reportedCurrency": "USD",
            "grossProfit": "2134000000",
            "totalRevenue": "10309000000",
            "costOfRevenue": "8175000000",
            "costofGoodsAndServicesSold": "7152700000",
            "operatingIncome": "1283000000",
            "sellingGeneralAndAdministrative": "913000000",
            "researchAndDevelopment": "416000000",
            "operatingExpenses": "1258700000",
            "investmentIncomeNet": "None",
            "netInterestIncome": "-291100000",
            "interestIncome": "-100000",
            "interestExpense": "291000000",
            "nonInterestIncome": "131000000",
            "otherNonOperatingIncome": "9900000",
            "depreciation": "None",
            "depreciationAndAmortization": "27000000",
            "incomeBeforeTax": "1199000000",
            "incomeTaxExpense": "289000000",
            "interestAndDebtExpense": "291100000",
            "netIncomeFromContinuingOperations": "911300000",
            "comprehensiveIncomeNetOfTax": "530000000",
            "ebit": "1490000000",
            "ebitda": "1517000000",
            "netIncome": "910000000"
        },
        {
            "fiscalDateEnding": "2018-04-29",
            "reportedCurrency": "USD",
            "grossProfit": "2414000000",
            "totalRevenue": "10720000000",
            "costOfRevenue": "8306000000",
            "costofGoodsAndServicesSold": "7333300000",
            "operatingIncome": "1494000000",
            "sellingGeneralAndAdministrative": "939200000",
            "researchAndDevelopment": "415200000",
            "operatingExpenses": "1284100000",
            "investmentIncomeNet": "None",
            "netInterestIncome": "-303700000",
            "interestIncome": "None",
            "interestExpense": "303700000",
            "nonInterestIncome": "195000000",
            "otherNonOperatingIncome": "3100000",
            "depreciation": "None",
            "depreciationAndAmortization": "31000000",
            "incomeBeforeTax": "1385100000",
            "incomeTaxExpense": "177100000",
            "interestAndDebtExpense": "303700000",
            "netIncomeFromContinuingOperations": "1209700000",
            "comprehensiveIncomeNetOfTax": "1324100000",
            "ebit": "1688800000",
            "ebitda": "1719800000",
            "netIncome": "1208000000"
        },
        {
            "fiscalDateEnding": "2018-01-28",
            "reportedCurrency": "USD",
            "grossProfit": "1270000000",
            "totalRevenue": "6913000000",
            "costOfRevenue": "5643000000",
            "costofGoodsAndServicesSold": "4704500000",
            "operatingIncome": "636000000",
            "sellingGeneralAndAdministrative": "705000000",
            "researchAndDevelopment": "356800000",
            "operatingExpenses": "1050500000",
            "investmentIncomeNet": "None",
            "netInterestIncome": "-286300000",
            "interestIncome": "None",
            "interestExpense": "286300000",
            "nonInterestIncome": "-259000000",
            "otherNonOperatingIncome": "4900000",
            "depreciation": "None",
            "depreciationAndAmortization": "13000000",
            "incomeBeforeTax": "522500000",
            "incomeTaxExpense": "1057500000",
            "interestAndDebtExpense": "286300000",
            "netIncomeFromContinuingOperations": "-534700000",
            "comprehensiveIncomeNetOfTax": "-260400000",
            "ebit": "808800000",
            "ebitda": "821800000",
            "netIncome": "-535000000"
        },
        {
            "fiscalDateEnding": "2017-10-29",
            "reportedCurrency": "USD",
            "grossProfit": "1686000000",
            "totalRevenue": "8018000000",
            "costOfRevenue": "6332000000",
            "costofGoodsAndServicesSold": "5595000000",
            "operatingIncome": "872000000",
            "sellingGeneralAndAdministrative": "848000000",
            "researchAndDevelopment": "398800000",
            "operatingExpenses": "216700000",
            "investmentIncomeNet": "None",
            "netInterestIncome": "-248200000",
            "interestIncome": "-500000",
            "interestExpense": "247700000",
            "nonInterestIncome": "277000000",
            "otherNonOperatingIncome": "-33500000",
            "depreciation": "None",
            "depreciationAndAmortization": "5000000",
            "incomeBeforeTax": "732300000",
            "incomeTaxExpense": "222300000",
            "interestAndDebtExpense": "248200000",
            "netIncomeFromContinuingOperations": "767000000",
            "comprehensiveIncomeNetOfTax": "1126000000",
            "ebit": "980000000",
            "ebitda": "985000000",
            "netIncome": "510000000"
        },
        {
            "fiscalDateEnding": "2017-07-30",
            "reportedCurrency": "USD",
            "grossProfit": "1585000000",
            "totalRevenue": "7808000000",
            "costOfRevenue": "6223000000",
            "costofGoodsAndServicesSold": "5265100000",
            "operatingIncome": "1002000000",
            "sellingGeneralAndAdministrative": "799100000",
            "researchAndDevelopment": "336800000",
            "operatingExpenses": "1440500000",
            "investmentIncomeNet": "None",
            "netInterestIncome": "-216300000",
            "interestIncome": "None",
            "interestExpense": "216300000",
            "nonInterestIncome": "-210000000",
            "otherNonOperatingIncome": "5600000",
            "depreciation": "None",
            "depreciationAndAmortization": "4000000",
            "incomeBeforeTax": "895200000",
            "incomeTaxExpense": "253200000",
            "interestAndDebtExpense": "216300000",
            "netIncomeFromContinuingOperations": "642300000",
            "comprehensiveIncomeNetOfTax": "957500000",
            "ebit": "1111500000",
            "ebitda": "1115500000",
            "netIncome": "642000000"
        },
        {
            "fiscalDateEnding": "2017-04-30",
            "reportedCurrency": "USD",
            "grossProfit": "1832000000",
            "totalRevenue": "8287000000",
            "costOfRevenue": "6455000000",
            "costofGoodsAndServicesSold": "5444700000",
            "operatingIncome": "1278000000",
            "sellingGeneralAndAdministrative": "783600000",
            "researchAndDevelopment": "325400000",
            "operatingExpenses": "1450100000",
            "investmentIncomeNet": "None",
            "netInterestIncome": "-226900000",
            "interestIncome": "None",
            "interestExpense": "226900000",
            "nonInterestIncome": "39000000",
            "otherNonOperatingIncome": "4800000",
            "depreciation": "None",
            "depreciationAndAmortization": "4000000",
            "incomeBeforeTax": "1173800000",
            "incomeTaxExpense": "365800000",
            "interestAndDebtExpense": "226900000",
            "netIncomeFromContinuingOperations": "802200000",
            "comprehensiveIncomeNetOfTax": "917500000",
            "ebit": "1400700000",
            "ebitda": "1404700000",
            "netIncome": "808000000"
        }
    ]
}