{
    "symbol": "DXCM",
    "annualReports": [
        {
            "fiscalDateEnding": "2021-12-31",
            "reportedCurrency": "USD",
            "grossProfit": "1680500000",
            "totalRevenue": "2333800000",
            "costOfRevenue": "1582600000",
            "costofGoodsAndServicesSold": "768000000",
            "operatingIncome": "265800000",
            "sellingGeneralAndAdministrative": "810500000",
            "researchAndDevelopment": "517100000",
            "operatingExpenses": "1414700000",
            "investmentIncomeNet": "None",
            "netInterestIncome": "-100300000",
            "interestIncome": "None",
            "interestExpense": "100300000",
            "nonInterestIncome": "2434100000",
            "otherNonOperatingIncome": "-1700000",
            "depreciation": "96300000",
            "depreciationAndAmortization": "4100000",
            "incomeBeforeTax": "173900000",
            "incomeTaxExpense": "19200000",
            "interestAndDebtExpense": "101800000",
            "netIncomeFromContinuingOperations": "154700000",
            "comprehensiveIncomeNetOfTax": "152000000",
            "ebit": "274200000",
            "ebitda": "278300000",
            "netIncome": "154700000"
        },
        {
            "fiscalDateEnding": "2020-12-31",
            "reportedCurrency": "USD",
            "grossProfit": "1280100000",
            "totalRevenue": "1822500000",
            "costOfRevenue": "1269300000",
            "costofGoodsAndServicesSold": "646600000",
            "operatingIncome": "299500000",
            "sellingGeneralAndAdministrative": "620700000",
            "researchAndDevelopment": "359900000",
            "operatingExpenses": "980600000",
            "investmentIncomeNet": "None",
            "netInterestIncome": "-84700000",
            "interestIncome": "16100000",
            "interestExpense": "84700000",
            "nonInterestIncome": "1907200000",
            "otherNonOperatingIncome": "16100000",
            "depreciation": "64000000",
            "depreciationAndAmortization": "2000000",
            "incomeBeforeTax": "225000000",
            "incomeTaxExpense": "-268600000",
            "interestAndDebtExpense": "90600000",
            "netIncomeFromContinuingOperations": "493600000",
            "comprehensiveIncomeNetOfTax": "494500000",
            "ebit": "309700000",
            "ebitda": "311700000",
            "netIncome": "493600000"
        },
        {
            "fiscalDateEnding": "2019-12-31",
            "reportedCurrency": "USD",
            "grossProfit": "931500000",
            "totalRevenue": "1396800000",
            "costOfRevenue": "1069300000",
            "costofGoodsAndServicesSold": "544500000",
            "operatingIncome": "142300000",
            "sellingGeneralAndAdministrative": "515700000",
            "researchAndDevelopment": "273500000",
            "operatingExpenses": "789200000",
            "investmentIncomeNet": "None",
            "netInterestIncome": "-60300000",
            "interestIncome": "26400000",
            "interestExpense": "60300000",
            "nonInterestIncome": "1457100000",
            "otherNonOperatingIncome": "26400000",
            "depreciation": "46900000",
            "depreciationAndAmortization": "1100000",
            "incomeBeforeTax": "104200000",
            "incomeTaxExpense": "3100000",
            "interestAndDebtExpense": "60300000",
            "netIncomeFromContinuingOperations": "101100000",
            "comprehensiveIncomeNetOfTax": "101900000",
            "ebit": "164500000",
            "ebitda": "165600000",
            "netIncome": "101100000"
        },
        {
            "fiscalDateEnding": "2018-12-31",
            "reportedCurrency": "USD",
            "grossProfit": "663900000",
            "totalRevenue": "1047600000",
            "costOfRevenue": "800500000",
            "costofGoodsAndServicesSold": "367700000",
            "operatingIncome": "-186300000",
            "sellingGeneralAndAdministrative": "432800000",
            "researchAndDevelopment": "199700000",
            "operatingExpenses": "850200000",
            "investmentIncomeNet": "None",
            "netInterestIncome": "-22700000",
            "interestIncome": "2400000",
            "interestExpense": "22700000",
            "nonInterestIncome": "1070300000",
            "otherNonOperatingIncome": "2400000",
            "depreciation": "28600000",
            "depreciationAndAmortization": "29100000",
            "incomeBeforeTax": "-126500000",
            "incomeTaxExpense": "600000",
            "interestAndDebtExpense": "22700000",
            "netIncomeFromContinuingOperations": "-127100000",
            "comprehensiveIncomeNetOfTax": "-123000000",
            "ebit": "-103800000",
            "ebitda": "-74700000",
            "netIncome": "-127100000"
        },
        {
            "fiscalDateEnding": "2017-12-31",
            "reportedCurrency": "USD",
            "grossProfit": "492100000",
            "totalRevenue": "718500000",
            "costOfRevenue": "226400000",
            "costofGoodsAndServicesSold": "226400000",
            "operatingIncome": "-42500000",
            "sellingGeneralAndAdministrative": "349200000",
            "researchAndDevelopment": "185400000",
            "operatingExpenses": "534600000",
            "investmentIncomeNet": "3300000",
            "netInterestIncome": "-12800000",
            "interestIncome": "3300000",
            "interestExpense": "12800000",
            "nonInterestIncome": "718500000",
            "otherNonOperatingIncome": "6700000",
            "depreciation": "16100000",
            "depreciationAndAmortization": "16100000",
            "incomeBeforeTax": "-48600000",
            "incomeTaxExpense": "1600000",
            "interestAndDebtExpense": "12800000",
            "netIncomeFromContinuingOperations": "-50200000",
            "comprehensiveIncomeNetOfTax": "-51800000",
            "ebit": "-35800000",
            "ebitda": "-19700000",
            "netIncome": "-50200000"
        }
    ],
    "quarterlyReports": [
        {
            "fiscalDateEnding": "2021-12-31",
            "reportedCurrency": "USD",
            "grossProfit": "472600000",
            "totalRevenue": "659400000",
            "costOfRevenue": "464800000",
            "costofGoodsAndServicesSold": "225600000",
            "operatingIncome": "600000",
            "sellingGeneralAndAdministrative": "235100000",
            "researchAndDevelopment": "149800000",
            "operatingExpenses": "472000000",
            "investmentIncomeNet": "None",
            "netInterestIncome": "-25200000",
            "interestIncome": "None",
            "interestExpense": "25200000",
            "nonInterestIncome": "684600000",
            "otherNonOperatingIncome": "-1000000",
            "depreciation": "None",
            "depreciationAndAmortization": "32100000",
            "incomeBeforeTax": "-14700000",
            "incomeTaxExpense": "4700000",
            "interestAndDebtExpense": "25900000",
            "netIncomeFromContinuingOperations": "-19400000",
            "comprehensiveIncomeNetOfTax": "-20300000",
            "ebit": "10500000",
            "ebitda": "-158600000",
            "netIncome": "-19400000"
        },
        {
            "fiscalDateEnding": "2021-09-30",
            "reportedCurrency": "USD",
            "grossProfit": "446900000",
            "totalRevenue": "624300000",
            "costOfRevenue": "403100000",
            "costofGoodsAndServicesSold": "203300000",
            "operatingIncome": "118300000",
            "sellingGeneralAndAdministrative": "199800000",
            "researchAndDevelopment": "128800000",
            "operatingExpenses": "328600000",
            "investmentIncomeNet": "None",
            "netInterestIncome": "-25100000",
            "interestIncome": "None",
            "interestExpense": "25100000",
            "nonInterestIncome": "649400000",
            "otherNonOperatingIncome": "-1700000",
            "depreciation": "None",
            "depreciationAndAmortization": "25500000",
            "incomeBeforeTax": "90700000",
            "incomeTaxExpense": "19800000",
            "interestAndDebtExpense": "25900000",
            "netIncomeFromContinuingOperations": "70900000",
            "comprehensiveIncomeNetOfTax": "69500000",
            "ebit": "115800000",
            "ebitda": "141300000",
            "netIncome": "70900000"
        },
        {
            "fiscalDateEnding": "2021-06-30",
            "reportedCurrency": "USD",
            "grossProfit": "417100000",
            "totalRevenue": "569900000",
            "costOfRevenue": "365000000",
            "costofGoodsAndServicesSold": "178000000",
            "operatingIncome": "101000000",
            "sellingGeneralAndAdministrative": "187000000",
            "researchAndDevelopment": "129100000",
            "operatingExpenses": "316100000",
            "investmentIncomeNet": "None",
            "netInterestIncome": "-25200000",
            "interestIncome": "900000",
            "interestExpense": "25200000",
            "nonInterestIncome": "595100000",
            "otherNonOperatingIncome": "900000",
            "depreciation": "None",
            "depreciationAndAmortization": "23500000",
            "incomeBeforeTax": "76700000",
            "incomeTaxExpense": "13800000",
            "interestAndDebtExpense": "25200000",
            "netIncomeFromContinuingOperations": "62900000",
            "comprehensiveIncomeNetOfTax": "62800000",
            "ebit": "101900000",
            "ebitda": "125400000",
            "netIncome": "62900000"
        },
        {
            "fiscalDateEnding": "2021-03-31",
            "reportedCurrency": "USD",
            "grossProfit": "343900000",
            "totalRevenue": "480200000",
            "costOfRevenue": "349700000",
            "costofGoodsAndServicesSold": "161100000",
            "operatingIncome": "45900000",
            "sellingGeneralAndAdministrative": "188600000",
            "researchAndDevelopment": "109400000",
            "operatingExpenses": "298000000",
            "investmentIncomeNet": "None",
            "netInterestIncome": "-24800000",
            "interestIncome": "100000",
            "interestExpense": "24800000",
            "nonInterestIncome": "505000000",
            "otherNonOperatingIncome": "100000",
            "depreciation": "None",
            "depreciationAndAmortization": "20900000",
            "incomeBeforeTax": "21200000",
            "incomeTaxExpense": "-19100000",
            "interestAndDebtExpense": "24800000",
            "netIncomeFromContinuingOperations": "40300000",
            "comprehensiveIncomeNetOfTax": "40000000",
            "ebit": "46000000",
            "ebitda": "66900000",
            "netIncome": "40300000"
        },
        {
            "fiscalDateEnding": "2020-12-31",
            "reportedCurrency": "USD",
            "grossProfit": "399100000",
            "totalRevenue": "532100000",
            "costOfRevenue": "347700000",
            "costofGoodsAndServicesSold": "169800000",
            "operatingIncome": "104000000",
            "sellingGeneralAndAdministrative": "175900000",
            "researchAndDevelopment": "119200000",
            "operatingExpenses": "295100000",
            "investmentIncomeNet": "None",
            "netInterestIncome": "-24600000",
            "interestIncome": "1900000",
            "interestExpense": "24600000",
            "nonInterestIncome": "556700000",
            "otherNonOperatingIncome": "1900000",
            "depreciation": "None",
            "depreciationAndAmortization": "20400000",
            "incomeBeforeTax": "81300000",
            "incomeTaxExpense": "-273900000",
            "interestAndDebtExpense": "24600000",
            "netIncomeFromContinuingOperations": "355200000",
            "comprehensiveIncomeNetOfTax": "355600000",
            "ebit": "105900000",
            "ebitda": "126300000",
            "netIncome": "355200000"
        },
        {
            "fiscalDateEnding": "2020-09-30",
            "reportedCurrency": "USD",
            "grossProfit": "340400000",
            "totalRevenue": "476000000",
            "costOfRevenue": "319100000",
            "costofGoodsAndServicesSold": "160500000",
            "operatingIncome": "94100000",
            "sellingGeneralAndAdministrative": "158600000",
            "researchAndDevelopment": "87700000",
            "operatingExpenses": "246300000",
            "investmentIncomeNet": "None",
            "netInterestIncome": "-24400000",
            "interestIncome": "5900000",
            "interestExpense": "24400000",
            "nonInterestIncome": "500400000",
            "otherNonOperatingIncome": "5900000",
            "depreciation": "None",
            "depreciationAndAmortization": "18400000",
            "incomeBeforeTax": "75100000",
            "incomeTaxExpense": "2900000",
            "interestAndDebtExpense": "24900000",
            "netIncomeFromContinuingOperations": "72200000",
            "comprehensiveIncomeNetOfTax": "71500000",
            "ebit": "99500000",
            "ebitda": "117900000",
            "netIncome": "72200000"
        },
        {
            "fiscalDateEnding": "2020-06-30",
            "reportedCurrency": "USD",
            "grossProfit": "284100000",
            "totalRevenue": "426100000",
            "costOfRevenue": "304100000",
            "costofGoodsAndServicesSold": "167700000",
            "operatingIncome": "67800000",
            "sellingGeneralAndAdministrative": "136400000",
            "researchAndDevelopment": "79900000",
            "operatingExpenses": "216300000",
            "investmentIncomeNet": "None",
            "netInterestIncome": "-20300000",
            "interestIncome": "4100000",
            "interestExpense": "20300000",
            "nonInterestIncome": "446400000",
            "otherNonOperatingIncome": "4100000",
            "depreciation": "None",
            "depreciationAndAmortization": "15300000",
            "incomeBeforeTax": "46200000",
            "incomeTaxExpense": "-100000",
            "interestAndDebtExpense": "25700000",
            "netIncomeFromContinuingOperations": "46300000",
            "comprehensiveIncomeNetOfTax": "46100000",
            "ebit": "66500000",
            "ebitda": "81800000",
            "netIncome": "46300000"
        },
        {
            "fiscalDateEnding": "2020-03-31",
            "reportedCurrency": "USD",
            "grossProfit": "256500000",
            "totalRevenue": "389700000",
            "costOfRevenue": "298400000",
            "costofGoodsAndServicesSold": "148600000",
            "operatingIncome": "33600000",
            "sellingGeneralAndAdministrative": "149800000",
            "researchAndDevelopment": "73100000",
            "operatingExpenses": "222900000",
            "investmentIncomeNet": "None",
            "netInterestIncome": "-15400000",
            "interestIncome": "4200000",
            "interestExpense": "15400000",
            "nonInterestIncome": "405100000",
            "otherNonOperatingIncome": "4200000",
            "depreciation": "None",
            "depreciationAndAmortization": "13000000",
            "incomeBeforeTax": "22400000",
            "incomeTaxExpense": "2500000",
            "interestAndDebtExpense": "15400000",
            "netIncomeFromContinuingOperations": "19900000",
            "comprehensiveIncomeNetOfTax": "21300000",
            "ebit": "37800000",
            "ebitda": "50800000",
            "netIncome": "19900000"
        },
        {
            "fiscalDateEnding": "2019-12-31",
            "reportedCurrency": "USD",
            "grossProfit": "309300000",
            "totalRevenue": "462800000",
            "costOfRevenue": "290800000",
            "costofGoodsAndServicesSold": "153500000",
            "operatingIncome": "101500000",
            "sellingGeneralAndAdministrative": "129000000",
            "researchAndDevelopment": "78800000",
            "operatingExpenses": "207800000",
            "investmentIncomeNet": "None",
            "netInterestIncome": "-15300000",
            "interestIncome": "8100000",
            "interestExpense": "15300000",
            "nonInterestIncome": "462800000",
            "otherNonOperatingIncome": "8100000",
            "depreciation": "None",
            "depreciationAndAmortization": "300000",
            "incomeBeforeTax": "94300000",
            "incomeTaxExpense": "1600000",
            "interestAndDebtExpense": "15300000",
            "netIncomeFromContinuingOperations": "101500000",
            "comprehensiveIncomeNetOfTax": "94000000",
            "ebit": "109600000",
            "ebitda": "109900000",
            "netIncome": "92700000"
        },
        {
            "fiscalDateEnding": "2019-09-30",
            "reportedCurrency": "USD",
            "grossProfit": "246900000",
            "totalRevenue": "381200000",
            "costOfRevenue": "273900000",
            "costofGoodsAndServicesSold": "149400000",
            "operatingIncome": "56000000",
            "sellingGeneralAndAdministrative": "124200000",
            "researchAndDevelopment": "66700000",
            "operatingExpenses": "190900000",
            "investmentIncomeNet": "None",
            "netInterestIncome": "-15100000",
            "interestIncome": "4900000",
            "interestExpense": "15100000",
            "nonInterestIncome": "396300000",
            "otherNonOperatingIncome": "4900000",
            "depreciation": "None",
            "depreciationAndAmortization": "300000",
            "incomeBeforeTax": "45800000",
            "incomeTaxExpense": "0",
            "interestAndDebtExpense": "15100000",
            "netIncomeFromContinuingOperations": "45800000",
            "comprehensiveIncomeNetOfTax": "44800000",
            "ebit": "60900000",
            "ebitda": "61200000",
            "netIncome": "45800000"
        },
        {
            "fiscalDateEnding": "2019-06-30",
            "reportedCurrency": "USD",
            "grossProfit": "206500000",
            "totalRevenue": "321400000",
            "costOfRevenue": "268400000",
            "costofGoodsAndServicesSold": "129900000",
            "operatingIncome": "-800000",
            "sellingGeneralAndAdministrative": "138300000",
            "researchAndDevelopment": "69000000",
            "operatingExpenses": "207300000",
            "investmentIncomeNet": "None",
            "netInterestIncome": "-15000000",
            "interestIncome": "6500000",
            "interestExpense": "15000000",
            "nonInterestIncome": "336400000",
            "otherNonOperatingIncome": "6500000",
            "depreciation": "None",
            "depreciationAndAmortization": "200000",
            "incomeBeforeTax": "-9300000",
            "incomeTaxExpense": "1200000",
            "interestAndDebtExpense": "15000000",
            "netIncomeFromContinuingOperations": "-10500000",
            "comprehensiveIncomeNetOfTax": "-10100000",
            "ebit": "5700000",
            "ebitda": "5900000",
            "netIncome": "-10500000"
        },
        {
            "fiscalDateEnding": "2019-03-31",
            "reportedCurrency": "USD",
            "grossProfit": "168800000",
            "totalRevenue": "261400000",
            "costOfRevenue": "235900000",
            "costofGoodsAndServicesSold": "111700000",
            "operatingIncome": "-14400000",
            "sellingGeneralAndAdministrative": "124200000",
            "researchAndDevelopment": "59000000",
            "operatingExpenses": "183200000",
            "investmentIncomeNet": "6900000",
            "netInterestIncome": "-14900000",
            "interestIncome": "6900000",
            "interestExpense": "14900000",
            "nonInterestIncome": "276300000",
            "otherNonOperatingIncome": "6900000",
            "depreciation": "None",
            "depreciationAndAmortization": "300000",
            "incomeBeforeTax": "-26600000",
            "incomeTaxExpense": "300000",
            "interestAndDebtExpense": "14900000",
            "netIncomeFromContinuingOperations": "-26900000",
            "comprehensiveIncomeNetOfTax": "-26800000",
            "ebit": "-11700000",
            "ebitda": "-11400000",
            "netIncome": "-26900000"
        },
        {
            "fiscalDateEnding": "2018-12-31",
            "reportedCurrency": "USD",
            "grossProfit": "222800000",
            "totalRevenue": "338000000",
            "costOfRevenue": "227300000",
            "costofGoodsAndServicesSold": "115200000",
            "operatingIncome": "-164600000",
            "sellingGeneralAndAdministrative": "112100000",
            "researchAndDevelopment": "57600000",
            "operatingExpenses": "387400000",
            "investmentIncomeNet": "None",
            "netInterestIncome": "-8200000",
            "interestIncome": "None",
            "interestExpense": "8200000",
            "nonInterestIncome": "338000000",
            "otherNonOperatingIncome": "800000",
            "depreciation": "None",
            "depreciationAndAmortization": "8600000",
            "incomeBeforeTax": "-176900000",
            "incomeTaxExpense": "2800000",
            "interestAndDebtExpense": "8200000",
            "netIncomeFromContinuingOperations": "-164600000",
            "comprehensiveIncomeNetOfTax": "-177900000",
            "ebit": "-168700000",
            "ebitda": "-160100000",
            "netIncome": "-179700000"
        },
        {
            "fiscalDateEnding": "2018-09-30",
            "reportedCurrency": "USD",
            "grossProfit": "168600000",
            "totalRevenue": "266700000",
            "costOfRevenue": "98100000",
            "costofGoodsAndServicesSold": "98100000",
            "operatingIncome": "13900000",
            "sellingGeneralAndAdministrative": "104600000",
            "researchAndDevelopment": "50100000",
            "operatingExpenses": "154700000",
            "investmentIncomeNet": "2500000",
            "netInterestIncome": "-4900000",
            "interestIncome": "None",
            "interestExpense": "4900000",
            "nonInterestIncome": "301600000",
            "otherNonOperatingIncome": "900000",
            "depreciation": "None",
            "depreciationAndAmortization": "7800000",
            "incomeBeforeTax": "44800000",
            "incomeTaxExpense": "-1800000",
            "interestAndDebtExpense": "4900000",
            "netIncomeFromContinuingOperations": "46600000",
            "comprehensiveIncomeNetOfTax": "47600000",
            "ebit": "49700000",
            "ebitda": "57500000",
            "netIncome": "46600000"
        },
        {
            "fiscalDateEnding": "2018-06-30",
            "reportedCurrency": "USD",
            "grossProfit": "153600000",
            "totalRevenue": "242500000",
            "costOfRevenue": "88900000",
            "costofGoodsAndServicesSold": "88900000",
            "operatingIncome": "-4900000",
            "sellingGeneralAndAdministrative": "111300000",
            "researchAndDevelopment": "47200000",
            "operatingExpenses": "158500000",
            "investmentIncomeNet": "2200000",
            "netInterestIncome": "-4800000",
            "interestIncome": "None",
            "interestExpense": "4800000",
            "nonInterestIncome": "242500000",
            "otherNonOperatingIncome": "-3400000",
            "depreciation": "None",
            "depreciationAndAmortization": "6700000",
            "incomeBeforeTax": "29600000",
            "incomeTaxExpense": "-600000",
            "interestAndDebtExpense": "4800000",
            "netIncomeFromContinuingOperations": "30200000",
            "comprehensiveIncomeNetOfTax": "33800000",
            "ebit": "34400000",
            "ebitda": "41100000",
            "netIncome": "30200000"
        },
        {
            "fiscalDateEnding": "2018-03-31",
            "reportedCurrency": "USD",
            "grossProfit": "118900000",
            "totalRevenue": "184400000",
            "costOfRevenue": "65500000",
            "costofGoodsAndServicesSold": "65500000",
            "operatingIncome": "-30700000",
            "sellingGeneralAndAdministrative": "104800000",
            "researchAndDevelopment": "44800000",
            "operatingExpenses": "149600000",
            "investmentIncomeNet": "1500000",
            "netInterestIncome": "-4800000",
            "interestIncome": "None",
            "interestExpense": "4800000",
            "nonInterestIncome": "184400000",
            "otherNonOperatingIncome": "2600000",
            "depreciation": "None",
            "depreciationAndAmortization": "6000000",
            "incomeBeforeTax": "-24000000",
            "incomeTaxExpense": "200000",
            "interestAndDebtExpense": "4800000",
            "netIncomeFromContinuingOperations": "-24200000",
            "comprehensiveIncomeNetOfTax": "-26500000",
            "ebit": "-19200000",
            "ebitda": "-13200000",
            "netIncome": "-24200000"
        },
        {
            "fiscalDateEnding": "2017-12-31",
            "reportedCurrency": "USD",
            "grossProfit": "153500000",
            "totalRevenue": "221000000",
            "costOfRevenue": "67500000",
            "costofGoodsAndServicesSold": "67500000",
            "operatingIncome": "12000000",
            "sellingGeneralAndAdministrative": "92800000",
            "researchAndDevelopment": "48700000",
            "operatingExpenses": "141500000",
            "investmentIncomeNet": "1400000",
            "netInterestIncome": "-4700000",
            "interestIncome": "None",
            "interestExpense": "4700000",
            "nonInterestIncome": "221000000",
            "otherNonOperatingIncome": "3200000",
            "depreciation": "16100000",
            "depreciationAndAmortization": "4200000",
            "incomeBeforeTax": "-7800000",
            "incomeTaxExpense": "1600000",
            "interestAndDebtExpense": "4700000",
            "netIncomeFromContinuingOperations": "12000000",
            "comprehensiveIncomeNetOfTax": "-9800000",
            "ebit": "-3100000",
            "ebitda": "17500000",
            "netIncome": "-9400000"
        },
        {
            "fiscalDateEnding": "2017-09-30",
            "reportedCurrency": "USD",
            "grossProfit": "127000000",
            "totalRevenue": "184600000",
            "costOfRevenue": "57600000",
            "costofGoodsAndServicesSold": "57600000",
            "operatingIncome": "-500000",
            "sellingGeneralAndAdministrative": "84200000",
            "researchAndDevelopment": "43300000",
            "operatingExpenses": "127500000",
            "investmentIncomeNet": "1200000",
            "netInterestIncome": "-4500000",
            "interestIncome": "None",
            "interestExpense": "4500000",
            "nonInterestIncome": "184600000",
            "otherNonOperatingIncome": "1300000",
            "depreciation": "None",
            "depreciationAndAmortization": "4300000",
            "incomeBeforeTax": "-2500000",
            "incomeTaxExpense": "-500000",
            "interestAndDebtExpense": "4500000",
            "netIncomeFromContinuingOperations": "-2000000",
            "comprehensiveIncomeNetOfTax": "-2600000",
            "ebit": "2000000",
            "ebitda": "6300000",
            "netIncome": "-2000000"
        },
        {
            "fiscalDateEnding": "2017-06-30",
            "reportedCurrency": "USD",
            "grossProfit": "117500000",
            "totalRevenue": "170600000",
            "costOfRevenue": "53100000",
            "costofGoodsAndServicesSold": "53100000",
            "operatingIncome": "-13600000",
            "sellingGeneralAndAdministrative": "85800000",
            "researchAndDevelopment": "45300000",
            "operatingExpenses": "131100000",
            "investmentIncomeNet": "500000",
            "netInterestIncome": "-3100000",
            "interestIncome": "None",
            "interestExpense": "3100000",
            "nonInterestIncome": "170600000",
            "otherNonOperatingIncome": "1800000",
            "depreciation": "None",
            "depreciationAndAmortization": "3900000",
            "incomeBeforeTax": "-14400000",
            "incomeTaxExpense": "-17300000",
            "interestAndDebtExpense": "3100000",
            "netIncomeFromContinuingOperations": "2900000",
            "comprehensiveIncomeNetOfTax": "2600000",
            "ebit": "-11300000",
            "ebitda": "-7400000",
            "netIncome": "2900000"
        },
        {
            "fiscalDateEnding": "2017-03-31",
            "reportedCurrency": "USD",
            "grossProfit": "94100000",
            "totalRevenue": "142300000",
            "costOfRevenue": "48200000",
            "costofGoodsAndServicesSold": "48200000",
            "operatingIncome": "-40400000",
            "sellingGeneralAndAdministrative": "86400000",
            "researchAndDevelopment": "48100000",
            "operatingExpenses": "134500000",
            "investmentIncomeNet": "200000",
            "netInterestIncome": "-500000",
            "interestIncome": "None",
            "interestExpense": "500000",
            "nonInterestIncome": "142300000",
            "otherNonOperatingIncome": "400000",
            "depreciation": "None",
            "depreciationAndAmortization": "3700000",
            "incomeBeforeTax": "-40300000",
            "incomeTaxExpense": "1400000",
            "interestAndDebtExpense": "500000",
            "netIncomeFromContinuingOperations": "-41700000",
            "comprehensiveIncomeNetOfTax": "-42000000",
            "ebit": "-39800000",
            "ebitda": "-36100000",
            "netIncome": "-41700000"
        }
    ]
}