{
    "symbol": "FDS",
    "annualReports": [
        {
            "fiscalDateEnding": "2021-08-31",
            "reportedCurrency": "USD",
            "grossProfit": "371671000",
            "totalRevenue": "1585051000",
            "costOfRevenue": "1213380000",
            "costofGoodsAndServicesSold": "786400000",
            "operatingIncome": "474041000",
            "sellingGeneralAndAdministrative": "331004000",
            "researchAndDevelopment": "250100000",
            "operatingExpenses": "683474000",
            "investmentIncomeNet": "None",
            "netInterestIncome": "-6394000",
            "interestIncome": "-6394000",
            "interestExpense": "6394000",
            "nonInterestIncome": "1585051000",
            "otherNonOperatingIncome": "-6424000",
            "depreciation": "30400000",
            "depreciationAndAmortization": "95976000",
            "incomeBeforeTax": "467590000",
            "incomeTaxExpense": "68000000",
            "interestAndDebtExpense": "None",
            "netIncomeFromContinuingOperations": "399617000",
            "comprehensiveIncomeNetOfTax": "399921000",
            "ebit": "474041000",
            "ebitda": "570017000",
            "netIncome": "399590000"
        },
        {
            "fiscalDateEnding": "2020-08-31",
            "reportedCurrency": "USD",
            "grossProfit": "334845000",
            "totalRevenue": "1472310000",
            "costOfRevenue": "1137465000",
            "costofGoodsAndServicesSold": "695446000",
            "operatingIncome": "439660000",
            "sellingGeneralAndAdministrative": "359005000",
            "researchAndDevelopment": "224000000",
            "operatingExpenses": "676020000",
            "investmentIncomeNet": "None",
            "netInterestIncome": "-11800000",
            "interestIncome": "1100000",
            "interestExpense": "12900000",
            "nonInterestIncome": "1484110000",
            "otherNonOperatingIncome": "-12526000",
            "depreciation": "32200000",
            "depreciationAndAmortization": "83014000",
            "incomeBeforeTax": "427138000",
            "incomeTaxExpense": "54200000",
            "interestAndDebtExpense": "12900000",
            "netIncomeFromContinuingOperations": "372938000",
            "comprehensiveIncomeNetOfTax": "408189000",
            "ebit": "439660000",
            "ebitda": "523052000",
            "netIncome": "372938000"
        },
        {
            "fiscalDateEnding": "2019-08-31",
            "reportedCurrency": "USD",
            "grossProfit": "412935000",
            "totalRevenue": "1435351000",
            "costOfRevenue": "1022416000",
            "costofGoodsAndServicesSold": "663446000",
            "operatingIncome": "438035000",
            "sellingGeneralAndAdministrative": "333870000",
            "researchAndDevelopment": "214700000",
            "operatingExpenses": "573866000",
            "investmentIncomeNet": "None",
            "netInterestIncome": "-18300000",
            "interestIncome": "1500000",
            "interestExpense": "19800000",
            "nonInterestIncome": "1435155000",
            "otherNonOperatingIncome": "-16070000",
            "depreciation": "35400000",
            "depreciationAndAmortization": "25100000",
            "incomeBeforeTax": "421965000",
            "incomeTaxExpense": "69175000",
            "interestAndDebtExpense": "19800000",
            "netIncomeFromContinuingOperations": "352790000",
            "comprehensiveIncomeNetOfTax": "328969000",
            "ebit": "438035000",
            "ebitda": "466865000",
            "netIncome": "352790000"
        },
        {
            "fiscalDateEnding": "2018-08-31",
            "reportedCurrency": "USD",
            "grossProfit": "690849000",
            "totalRevenue": "1350145000",
            "costOfRevenue": "659296000",
            "costofGoodsAndServicesSold": "659296000",
            "operatingIncome": "366204000",
            "sellingGeneralAndAdministrative": "324645000",
            "researchAndDevelopment": "217100000",
            "operatingExpenses": "983941000",
            "investmentIncomeNet": "None",
            "netInterestIncome": "1300000",
            "interestIncome": "17200000",
            "interestExpense": "15900000",
            "nonInterestIncome": "-140000",
            "otherNonOperatingIncome": "-14366000",
            "depreciation": "32600000",
            "depreciationAndAmortization": "24700000",
            "incomeBeforeTax": "351838000",
            "incomeTaxExpense": "84753000",
            "interestAndDebtExpense": "15900000",
            "netIncomeFromContinuingOperations": "267085000",
            "comprehensiveIncomeNetOfTax": "250366000",
            "ebit": "366204000",
            "ebitda": "392438000",
            "netIncome": "267085000"
        },
        {
            "fiscalDateEnding": "2017-08-31",
            "reportedCurrency": "USD",
            "grossProfit": "654599000",
            "totalRevenue": "1221179000",
            "costOfRevenue": "566580000",
            "costofGoodsAndServicesSold": "566580000",
            "operatingIncome": "352135000",
            "sellingGeneralAndAdministrative": "302464000",
            "researchAndDevelopment": "215000000",
            "operatingExpenses": "869044000",
            "investmentIncomeNet": "None",
            "netInterestIncome": "1600000",
            "interestIncome": "10000000",
            "interestExpense": "8400000",
            "nonInterestIncome": "-1282000",
            "otherNonOperatingIncome": "-7823000",
            "depreciation": "28000000",
            "depreciationAndAmortization": "19900000",
            "incomeBeforeTax": "344312000",
            "incomeTaxExpense": "86053000",
            "interestAndDebtExpense": "8400000",
            "netIncomeFromContinuingOperations": "258259000",
            "comprehensiveIncomeNetOfTax": "292092000",
            "ebit": "352135000",
            "ebitda": "372612000",
            "netIncome": "258259000"
        }
    ],
    "quarterlyReports": [
        {
            "fiscalDateEnding": "2021-11-30",
            "reportedCurrency": "USD",
            "grossProfit": "308478000",
            "totalRevenue": "422825000",
            "costOfRevenue": "114347000",
            "costofGoodsAndServicesSold": "207149000",
            "operatingIncome": "122661000",
            "sellingGeneralAndAdministrative": "94915000",
            "researchAndDevelopment": "None",
            "operatingExpenses": "302064000",
            "investmentIncomeNet": "None",
            "netInterestIncome": "-1900000",
            "interestIncome": "-1494000",
            "interestExpense": "1900000",
            "nonInterestIncome": "424725000",
            "otherNonOperatingIncome": "-1237000",
            "depreciation": "None",
            "depreciationAndAmortization": "19432000",
            "incomeBeforeTax": "119930000",
            "incomeTaxExpense": "12283000",
            "interestAndDebtExpense": "1900000",
            "netIncomeFromContinuingOperations": "107647000",
            "comprehensiveIncomeNetOfTax": "88939000",
            "ebit": "122661000",
            "ebitda": "141262000",
            "netIncome": "107647000"
        },
        {
            "fiscalDateEnding": "2021-08-31",
            "reportedCurrency": "USD",
            "grossProfit": "-517877000",
            "totalRevenue": "411500000",
            "costOfRevenue": "929377000",
            "costofGoodsAndServicesSold": "197532000",
            "operatingIncome": "119176000",
            "sellingGeneralAndAdministrative": "95186000",
            "researchAndDevelopment": "None",
            "operatingExpenses": "-141212000",
            "investmentIncomeNet": "None",
            "netInterestIncome": "-1712000",
            "interestIncome": "-1712000",
            "interestExpense": "1712000",
            "nonInterestIncome": "405500000",
            "otherNonOperatingIncome": "-5415000",
            "depreciation": "None",
            "depreciationAndAmortization": "47791000",
            "incomeBeforeTax": "118462000",
            "incomeTaxExpense": "17400000",
            "interestAndDebtExpense": "None",
            "netIncomeFromContinuingOperations": "101043000",
            "comprehensiveIncomeNetOfTax": "81358000",
            "ebit": "119176000",
            "ebitda": "166967000",
            "netIncome": "101062000"
        },
        {
            "fiscalDateEnding": "2021-05-31",
            "reportedCurrency": "USD",
            "grossProfit": "320959000",
            "totalRevenue": "397558000",
            "costOfRevenue": "76599000",
            "costofGoodsAndServicesSold": "205257000",
            "operatingIncome": "117702000",
            "sellingGeneralAndAdministrative": "76599000",
            "researchAndDevelopment": "None",
            "operatingExpenses": "281856000",
            "investmentIncomeNet": "None",
            "netInterestIncome": "-2000000",
            "interestIncome": "-1839000",
            "interestExpense": "2000000",
            "nonInterestIncome": "399558000",
            "otherNonOperatingIncome": "-1587000",
            "depreciation": "None",
            "depreciationAndAmortization": "17223000",
            "incomeBeforeTax": "114279000",
            "incomeTaxExpense": "13600000",
            "interestAndDebtExpense": "2000000",
            "netIncomeFromContinuingOperations": "100676000",
            "comprehensiveIncomeNetOfTax": "109917000",
            "ebit": "117702000",
            "ebitda": "133502000",
            "netIncome": "100679000"
        },
        {
            "fiscalDateEnding": "2021-02-28",
            "reportedCurrency": "USD",
            "grossProfit": "309756000",
            "totalRevenue": "389888000",
            "costOfRevenue": "80132000",
            "costofGoodsAndServicesSold": "195523000",
            "operatingIncome": "116133000",
            "sellingGeneralAndAdministrative": "80132000",
            "researchAndDevelopment": "None",
            "operatingExpenses": "275655000",
            "investmentIncomeNet": "None",
            "netInterestIncome": "-1900000",
            "interestIncome": "-1814000",
            "interestExpense": "1900000",
            "nonInterestIncome": "391788000",
            "otherNonOperatingIncome": "347000",
            "depreciation": "None",
            "depreciationAndAmortization": "15672000",
            "incomeBeforeTax": "114643000",
            "incomeTaxExpense": "18000000",
            "interestAndDebtExpense": "1900000",
            "netIncomeFromContinuingOperations": "96666000",
            "comprehensiveIncomeNetOfTax": "107223000",
            "ebit": "116133000",
            "ebitda": "132215000",
            "netIncome": "96643000"
        },
        {
            "fiscalDateEnding": "2020-11-30",
            "reportedCurrency": "USD",
            "grossProfit": "291729000",
            "totalRevenue": "386106000",
            "costOfRevenue": "94377000",
            "costofGoodsAndServicesSold": "188088000",
            "operatingIncome": "121031000",
            "sellingGeneralAndAdministrative": "79087000",
            "researchAndDevelopment": "None",
            "operatingExpenses": "267175000",
            "investmentIncomeNet": "None",
            "netInterestIncome": "-2100000",
            "interestIncome": "-1029000",
            "interestExpense": "2100000",
            "nonInterestIncome": "388206000",
            "otherNonOperatingIncome": "230000",
            "depreciation": "None",
            "depreciationAndAmortization": "15290000",
            "incomeBeforeTax": "120232000",
            "incomeTaxExpense": "19026000",
            "interestAndDebtExpense": "2100000",
            "netIncomeFromContinuingOperations": "101206000",
            "comprehensiveIncomeNetOfTax": "101423000",
            "ebit": "121031000",
            "ebitda": "137622000",
            "netIncome": "101206000"
        },
        {
            "fiscalDateEnding": "2020-08-31",
            "reportedCurrency": "USD",
            "grossProfit": "98577000",
            "totalRevenue": "383590000",
            "costOfRevenue": "285013000",
            "costofGoodsAndServicesSold": "183568000",
            "operatingIncome": "98577000",
            "sellingGeneralAndAdministrative": "101445000",
            "researchAndDevelopment": "None",
            "operatingExpenses": "101445000",
            "investmentIncomeNet": "None",
            "netInterestIncome": "-900000",
            "interestIncome": "1100000",
            "interestExpense": "2000000",
            "nonInterestIncome": "383590000",
            "otherNonOperatingIncome": "-10436000",
            "depreciation": "None",
            "depreciationAndAmortization": "41681000",
            "incomeBeforeTax": "96179000",
            "incomeTaxExpense": "7100000",
            "interestAndDebtExpense": "2000000",
            "netIncomeFromContinuingOperations": "98577000",
            "comprehensiveIncomeNetOfTax": "124846000",
            "ebit": "98577000",
            "ebitda": "139860000",
            "netIncome": "89079000"
        },
        {
            "fiscalDateEnding": "2020-05-31",
            "reportedCurrency": "USD",
            "grossProfit": "289443000",
            "totalRevenue": "371183000",
            "costOfRevenue": "81740000",
            "costofGoodsAndServicesSold": "170703000",
            "operatingIncome": "121640000",
            "sellingGeneralAndAdministrative": "81740000",
            "researchAndDevelopment": "None",
            "operatingExpenses": "252443000",
            "investmentIncomeNet": "None",
            "netInterestIncome": "-2900000",
            "interestIncome": "-2211000",
            "interestExpense": "2900000",
            "nonInterestIncome": "374083000",
            "otherNonOperatingIncome": "-289000",
            "depreciation": "None",
            "depreciationAndAmortization": "13037000",
            "incomeBeforeTax": "119116000",
            "incomeTaxExpense": "17900000",
            "interestAndDebtExpense": "2900000",
            "netIncomeFromContinuingOperations": "101240000",
            "comprehensiveIncomeNetOfTax": "92635000",
            "ebit": "121640000",
            "ebitda": "135053000",
            "netIncome": "101216000"
        },
        {
            "fiscalDateEnding": "2020-02-29",
            "reportedCurrency": "USD",
            "grossProfit": "282475000",
            "totalRevenue": "369780000",
            "costOfRevenue": "87305000",
            "costofGoodsAndServicesSold": "176218000",
            "operatingIncome": "106257000",
            "sellingGeneralAndAdministrative": "87305000",
            "researchAndDevelopment": "None",
            "operatingExpenses": "263523000",
            "investmentIncomeNet": "None",
            "netInterestIncome": "-3800000",
            "interestIncome": "-2661000",
            "interestExpense": "3800000",
            "nonInterestIncome": "369780000",
            "otherNonOperatingIncome": "-487000",
            "depreciation": "None",
            "depreciationAndAmortization": "13906000",
            "incomeBeforeTax": "103086000",
            "incomeTaxExpense": "14400000",
            "interestAndDebtExpense": "3800000",
            "netIncomeFromContinuingOperations": "88686000",
            "comprehensiveIncomeNetOfTax": "86913000",
            "ebit": "106257000",
            "ebitda": "120792000",
            "netIncome": "88686000"
        },
        {
            "fiscalDateEnding": "2019-11-30",
            "reportedCurrency": "USD",
            "grossProfit": "278143000",
            "totalRevenue": "366658000",
            "costOfRevenue": "88515000",
            "costofGoodsAndServicesSold": "164957000",
            "operatingIncome": "113186000",
            "sellingGeneralAndAdministrative": "88515000",
            "researchAndDevelopment": "None",
            "operatingExpenses": "253472000",
            "investmentIncomeNet": "None",
            "netInterestIncome": "-4200000",
            "interestIncome": "-3131000",
            "interestExpense": "4200000",
            "nonInterestIncome": "366658000",
            "otherNonOperatingIncome": "-1314000",
            "depreciation": "None",
            "depreciationAndAmortization": "14390000",
            "incomeBeforeTax": "108741000",
            "incomeTaxExpense": "14784000",
            "interestAndDebtExpense": "4200000",
            "netIncomeFromContinuingOperations": "93957000",
            "comprehensiveIncomeNetOfTax": "103795000",
            "ebit": "113186000",
            "ebitda": "127331000",
            "netIncome": "93957000"
        },
        {
            "fiscalDateEnding": "2019-08-31",
            "reportedCurrency": "USD",
            "grossProfit": "111568000",
            "totalRevenue": "364478000",
            "costOfRevenue": "252715000",
            "costofGoodsAndServicesSold": "167730000",
            "operatingIncome": "111568000",
            "sellingGeneralAndAdministrative": "84985000",
            "researchAndDevelopment": "None",
            "operatingExpenses": "84985000",
            "investmentIncomeNet": "None",
            "netInterestIncome": "-3200000",
            "interestIncome": "1500000",
            "interestExpense": "4700000",
            "nonInterestIncome": "364283000",
            "otherNonOperatingIncome": "-16325000",
            "depreciation": "None",
            "depreciationAndAmortization": "7400000",
            "incomeBeforeTax": "108289000",
            "incomeTaxExpense": "16762000",
            "interestAndDebtExpense": "4700000",
            "netIncomeFromContinuingOperations": "111568000",
            "comprehensiveIncomeNetOfTax": "82105000",
            "ebit": "111568000",
            "ebitda": "120389000",
            "netIncome": "91527000"
        },
        {
            "fiscalDateEnding": "2019-05-31",
            "reportedCurrency": "USD",
            "grossProfit": "111240000",
            "totalRevenue": "364533000",
            "costOfRevenue": "253293000",
            "costofGoodsAndServicesSold": "163832000",
            "operatingIncome": "117240000",
            "sellingGeneralAndAdministrative": "83461000",
            "researchAndDevelopment": "None",
            "operatingExpenses": "247293000",
            "investmentIncomeNet": "None",
            "netInterestIncome": "-5200000",
            "interestIncome": "-3856000",
            "interestExpense": "5200000",
            "nonInterestIncome": "364533000",
            "otherNonOperatingIncome": "521000",
            "depreciation": "None",
            "depreciationAndAmortization": "6000000",
            "incomeBeforeTax": "113365000",
            "incomeTaxExpense": "21100000",
            "interestAndDebtExpense": "5200000",
            "netIncomeFromContinuingOperations": "92265000",
            "comprehensiveIncomeNetOfTax": "80779000",
            "ebit": "117240000",
            "ebitda": "124565000",
            "netIncome": "92265000"
        },
        {
            "fiscalDateEnding": "2019-02-28",
            "reportedCurrency": "USD",
            "grossProfit": "102888000",
            "totalRevenue": "354895000",
            "costOfRevenue": "252007000",
            "costofGoodsAndServicesSold": "165108000",
            "operatingIncome": "108688000",
            "sellingGeneralAndAdministrative": "81099000",
            "researchAndDevelopment": "None",
            "operatingExpenses": "246207000",
            "investmentIncomeNet": "None",
            "netInterestIncome": "-4339000",
            "interestIncome": "None",
            "interestExpense": "4339000",
            "nonInterestIncome": "354895000",
            "otherNonOperatingIncome": "None",
            "depreciation": "None",
            "depreciationAndAmortization": "5800000",
            "incomeBeforeTax": "104349000",
            "incomeTaxExpense": "19647000",
            "interestAndDebtExpense": "None",
            "netIncomeFromContinuingOperations": "84702000",
            "comprehensiveIncomeNetOfTax": "90255000",
            "ebit": "108688000",
            "ebitda": "114488000",
            "netIncome": "84702000"
        },
        {
            "fiscalDateEnding": "2018-11-30",
            "reportedCurrency": "USD",
            "grossProfit": "94458000",
            "totalRevenue": "351459000",
            "costOfRevenue": "257001000",
            "costofGoodsAndServicesSold": "166776000",
            "operatingIncome": "100539000",
            "sellingGeneralAndAdministrative": "84325000",
            "researchAndDevelopment": "None",
            "operatingExpenses": "251101000",
            "investmentIncomeNet": "None",
            "netInterestIncome": "None",
            "interestIncome": "None",
            "interestExpense": "4596000",
            "nonInterestIncome": "351459000",
            "otherNonOperatingIncome": "None",
            "depreciation": "None",
            "depreciationAndAmortization": "5900000",
            "incomeBeforeTax": "95943000",
            "incomeTaxExpense": "11647000",
            "interestAndDebtExpense": "None",
            "netIncomeFromContinuingOperations": "84296000",
            "comprehensiveIncomeNetOfTax": "75830000",
            "ebit": "100539000",
            "ebitda": "106439000",
            "netIncome": "84296000"
        },
        {
            "fiscalDateEnding": "2018-08-31",
            "reportedCurrency": "USD",
            "grossProfit": "176394000",
            "totalRevenue": "345861000",
            "costOfRevenue": "169467000",
            "costofGoodsAndServicesSold": "169467000",
            "operatingIncome": "88356000",
            "sellingGeneralAndAdministrative": "88038000",
            "researchAndDevelopment": "217100000",
            "operatingExpenses": "257506000",
            "investmentIncomeNet": "None",
            "netInterestIncome": "None",
            "interestIncome": "None",
            "interestExpense": "-4421000",
            "nonInterestIncome": "345861",
            "otherNonOperatingIncome": "-4421000",
            "depreciation": "None",
            "depreciationAndAmortization": "6100000",
            "incomeBeforeTax": "83935000",
            "incomeTaxExpense": "15112000",
            "interestAndDebtExpense": "None",
            "netIncomeFromContinuingOperations": "88356000",
            "comprehensiveIncomeNetOfTax": "58469000",
            "ebit": "88356000",
            "ebitda": "94456000",
            "netIncome": "68823000"
        },
        {
            "fiscalDateEnding": "2018-05-31",
            "reportedCurrency": "USD",
            "grossProfit": "174838000",
            "totalRevenue": "339911000",
            "costOfRevenue": "165073000",
            "costofGoodsAndServicesSold": "165073000",
            "operatingIncome": "93265000",
            "sellingGeneralAndAdministrative": "81573000",
            "researchAndDevelopment": "None",
            "operatingExpenses": "246646000",
            "investmentIncomeNet": "None",
            "netInterestIncome": "None",
            "interestIncome": "None",
            "interestExpense": "-4300000",
            "nonInterestIncome": "0",
            "otherNonOperatingIncome": "-3754000",
            "depreciation": "None",
            "depreciationAndAmortization": "6200000",
            "incomeBeforeTax": "89511000",
            "incomeTaxExpense": "14765000",
            "interestAndDebtExpense": "None",
            "netIncomeFromContinuingOperations": "74746000",
            "comprehensiveIncomeNetOfTax": "52259000",
            "ebit": "93265000",
            "ebitda": "99465000",
            "netIncome": "74746000"
        },
        {
            "fiscalDateEnding": "2018-02-28",
            "reportedCurrency": "USD",
            "grossProfit": "171999000",
            "totalRevenue": "335231000",
            "costOfRevenue": "163232000",
            "costofGoodsAndServicesSold": "163232000",
            "operatingIncome": "95485000",
            "sellingGeneralAndAdministrative": "76514000",
            "researchAndDevelopment": "None",
            "operatingExpenses": "239746000",
            "investmentIncomeNet": "None",
            "netInterestIncome": "None",
            "interestIncome": "None",
            "interestExpense": "3600000",
            "nonInterestIncome": "335231000",
            "otherNonOperatingIncome": "-3272000",
            "depreciation": "None",
            "depreciationAndAmortization": "6200000",
            "incomeBeforeTax": "92213000",
            "incomeTaxExpense": "39076000",
            "interestAndDebtExpense": "None",
            "netIncomeFromContinuingOperations": "53137000",
            "comprehensiveIncomeNetOfTax": "61269000",
            "ebit": "95485000",
            "ebitda": "101685000",
            "netIncome": "53137000"
        },
        {
            "fiscalDateEnding": "2017-11-30",
            "reportedCurrency": "USD",
            "grossProfit": "167617000",
            "totalRevenue": "329141000",
            "costOfRevenue": "161524000",
            "costofGoodsAndServicesSold": "161524000",
            "operatingIncome": "89098000",
            "sellingGeneralAndAdministrative": "78519000",
            "researchAndDevelopment": "None",
            "operatingExpenses": "240043000",
            "investmentIncomeNet": "None",
            "netInterestIncome": "None",
            "interestIncome": "None",
            "interestExpense": "3400000",
            "nonInterestIncome": "-17000",
            "otherNonOperatingIncome": "-2919000",
            "depreciation": "None",
            "depreciationAndAmortization": "6200000",
            "incomeBeforeTax": "86179000",
            "incomeTaxExpense": "15800000",
            "interestAndDebtExpense": "None",
            "netIncomeFromContinuingOperations": "70379000",
            "comprehensiveIncomeNetOfTax": "78369000",
            "ebit": "89098000",
            "ebitda": "95298000",
            "netIncome": "70379000"
        },
        {
            "fiscalDateEnding": "2017-08-31",
            "reportedCurrency": "USD",
            "grossProfit": "165373000",
            "totalRevenue": "326642000",
            "costOfRevenue": "161269000",
            "costofGoodsAndServicesSold": "161269000",
            "operatingIncome": "82428000",
            "sellingGeneralAndAdministrative": "82945000",
            "researchAndDevelopment": "215000000",
            "operatingExpenses": "244214000",
            "investmentIncomeNet": "None",
            "netInterestIncome": "None",
            "interestIncome": "None",
            "interestExpense": "2900000",
            "nonInterestIncome": "-26000",
            "otherNonOperatingIncome": "-2655000",
            "depreciation": "None",
            "depreciationAndAmortization": "6100000",
            "incomeBeforeTax": "79773000",
            "incomeTaxExpense": "20221000",
            "interestAndDebtExpense": "None",
            "netIncomeFromContinuingOperations": "82428000",
            "comprehensiveIncomeNetOfTax": "78472000",
            "ebit": "82428000",
            "ebitda": "88528000",
            "netIncome": "59552000"
        },
        {
            "fiscalDateEnding": "2017-05-31",
            "reportedCurrency": "USD",
            "grossProfit": "165694000",
            "totalRevenue": "312120000",
            "costOfRevenue": "146426000",
            "costofGoodsAndServicesSold": "146426000",
            "operatingIncome": "87642000",
            "sellingGeneralAndAdministrative": "78052000",
            "researchAndDevelopment": "None",
            "operatingExpenses": "224478000",
            "investmentIncomeNet": "None",
            "netInterestIncome": "None",
            "interestIncome": "None",
            "interestExpense": "2900000",
            "nonInterestIncome": "0",
            "otherNonOperatingIncome": "-2413000",
            "depreciation": "None",
            "depreciationAndAmortization": "5800000",
            "incomeBeforeTax": "85229000",
            "incomeTaxExpense": "19815000",
            "interestAndDebtExpense": "None",
            "netIncomeFromContinuingOperations": "65414000",
            "comprehensiveIncomeNetOfTax": "89115000",
            "ebit": "87642000",
            "ebitda": "93442000",
            "netIncome": "65414000"
        },
        {
            "fiscalDateEnding": "2017-02-28",
            "reportedCurrency": "USD",
            "grossProfit": "162719000",
            "totalRevenue": "294354000",
            "costOfRevenue": "131635000",
            "costofGoodsAndServicesSold": "131635000",
            "operatingIncome": "91746000",
            "sellingGeneralAndAdministrative": "70973000",
            "researchAndDevelopment": "None",
            "operatingExpenses": "202608000",
            "investmentIncomeNet": "None",
            "netInterestIncome": "None",
            "interestIncome": "None",
            "interestExpense": "1300000",
            "nonInterestIncome": "-1208000",
            "otherNonOperatingIncome": "-2256000",
            "depreciation": "None",
            "depreciationAndAmortization": "4200000",
            "incomeBeforeTax": "89490000",
            "incomeTaxExpense": "22780000",
            "interestAndDebtExpense": "None",
            "netIncomeFromContinuingOperations": "66710000",
            "comprehensiveIncomeNetOfTax": "68972000",
            "ebit": "91746000",
            "ebitda": "95946000",
            "netIncome": "66710000"
        }
    ]
}