{
    "symbol": "FISV",
    "annualReports": [
        {
            "fiscalDateEnding": "2021-12-31",
            "reportedCurrency": "USD",
            "grossProfit": "6044000000",
            "totalRevenue": "15830000000",
            "costOfRevenue": "9786000000",
            "costofGoodsAndServicesSold": "8128000000",
            "operatingIncome": "2288000000",
            "sellingGeneralAndAdministrative": "5810000000",
            "researchAndDevelopment": "None",
            "operatingExpenses": "9786000000",
            "investmentIncomeNet": "3000000",
            "netInterestIncome": "-693000000",
            "interestIncome": "3000000",
            "interestExpense": "696000000",
            "nonInterestIncome": "16226000000",
            "otherNonOperatingIncome": "71000000",
            "depreciation": "498000000",
            "depreciationAndAmortization": "3828000000",
            "incomeBeforeTax": "1697000000",
            "incomeTaxExpense": "363000000",
            "interestAndDebtExpense": "696000000",
            "netIncomeFromContinuingOperations": "1403000000",
            "comprehensiveIncomeNetOfTax": "976000000",
            "ebit": "2393000000",
            "ebitda": "6221000000",
            "netIncome": "1334000000"
        },
        {
            "fiscalDateEnding": "2020-12-31",
            "reportedCurrency": "USD",
            "grossProfit": "4995000000",
            "totalRevenue": "14864000000",
            "costOfRevenue": "9869000000",
            "costofGoodsAndServicesSold": "7812000000",
            "operatingIncome": "1852000000",
            "sellingGeneralAndAdministrative": "5652000000",
            "researchAndDevelopment": "None",
            "operatingExpenses": "9405000000",
            "investmentIncomeNet": "7000000",
            "netInterestIncome": "-709000000",
            "interestIncome": "7000000",
            "interestExpense": "716000000",
            "nonInterestIncome": "15316000000",
            "otherNonOperatingIncome": "28000000",
            "depreciation": "523000000",
            "depreciationAndAmortization": "3790000000",
            "incomeBeforeTax": "1154000000",
            "incomeTaxExpense": "196000000",
            "interestAndDebtExpense": "716000000",
            "netIncomeFromContinuingOperations": "975000000",
            "comprehensiveIncomeNetOfTax": "751000000",
            "ebit": "1870000000",
            "ebitda": "5660000000",
            "netIncome": "958000000"
        },
        {
            "fiscalDateEnding": "2019-12-31",
            "reportedCurrency": "USD",
            "grossProfit": "4440000000",
            "totalRevenue": "9815000000",
            "costOfRevenue": "5375000000",
            "costofGoodsAndServicesSold": "5309000000",
            "operatingIncome": "1609000000",
            "sellingGeneralAndAdministrative": "3284000000",
            "researchAndDevelopment": "None",
            "operatingExpenses": "5360000000",
            "investmentIncomeNet": "34000000",
            "netInterestIncome": "-473000000",
            "interestIncome": "34000000",
            "interestExpense": "507000000",
            "nonInterestIncome": "10252000000",
            "otherNonOperatingIncome": "-6000000",
            "depreciation": "247000000",
            "depreciationAndAmortization": "1954000000",
            "incomeBeforeTax": "1091000000",
            "incomeTaxExpense": "198000000",
            "interestAndDebtExpense": "507000000",
            "netIncomeFromContinuingOperations": "914000000",
            "comprehensiveIncomeNetOfTax": "780000000",
            "ebit": "1598000000",
            "ebitda": "3552000000",
            "netIncome": "893000000"
        },
        {
            "fiscalDateEnding": "2018-12-31",
            "reportedCurrency": "USD",
            "grossProfit": "1126000000",
            "totalRevenue": "5823000000",
            "costOfRevenue": "4697000000",
            "costofGoodsAndServicesSold": "3069000000",
            "operatingIncome": "1753000000",
            "sellingGeneralAndAdministrative": "1228000000",
            "researchAndDevelopment": "None",
            "operatingExpenses": "1401000000",
            "investmentIncomeNet": "9000000",
            "netInterestIncome": "-189000000",
            "interestIncome": "4000000",
            "interestExpense": "193000000",
            "nonInterestIncome": "6036000000",
            "otherNonOperatingIncome": "5000000",
            "depreciation": "92000000",
            "depreciationAndAmortization": "397000000",
            "incomeBeforeTax": "1565000000",
            "incomeTaxExpense": "378000000",
            "interestAndDebtExpense": "207000000",
            "netIncomeFromContinuingOperations": "1187000000",
            "comprehensiveIncomeNetOfTax": "1174000000",
            "ebit": "1758000000",
            "ebitda": "2155000000",
            "netIncome": "1187000000"
        },
        {
            "fiscalDateEnding": "2017-12-31",
            "reportedCurrency": "USD",
            "grossProfit": "1230000000",
            "totalRevenue": "5696000000",
            "costOfRevenue": "4466000000",
            "costofGoodsAndServicesSold": "3024000000",
            "operatingIncome": "1532000000",
            "sellingGeneralAndAdministrative": "1150000000",
            "researchAndDevelopment": "None",
            "operatingExpenses": "1432000000",
            "investmentIncomeNet": "2000000",
            "netInterestIncome": "-175000000",
            "interestIncome": "1000000",
            "interestExpense": "176000000",
            "nonInterestIncome": "10000000",
            "otherNonOperatingIncome": "1000000",
            "depreciation": "92000000",
            "depreciationAndAmortization": "274000000",
            "incomeBeforeTax": "1404000000",
            "incomeTaxExpense": "158000000",
            "interestAndDebtExpense": "176000000",
            "netIncomeFromContinuingOperations": "1232000000",
            "comprehensiveIncomeNetOfTax": "1268000000",
            "ebit": "1580000000",
            "ebitda": "1854000000",
            "netIncome": "1246000000"
        }
    ],
    "quarterlyReports": [
        {
            "fiscalDateEnding": "2021-12-31",
            "reportedCurrency": "USD",
            "grossProfit": "1755000000",
            "totalRevenue": "4384000000",
            "costOfRevenue": "2629000000",
            "costofGoodsAndServicesSold": "2203000000",
            "operatingIncome": "533000000",
            "sellingGeneralAndAdministrative": "1521000000",
            "researchAndDevelopment": "None",
            "operatingExpenses": "2629000000",
            "investmentIncomeNet": "0",
            "netInterestIncome": "-170000000",
            "interestIncome": "None",
            "interestExpense": "170000000",
            "nonInterestIncome": "4257000000",
            "otherNonOperatingIncome": "35000000",
            "depreciation": "None",
            "depreciationAndAmortization": "1030000000",
            "incomeBeforeTax": "396000000",
            "incomeTaxExpense": "63000000",
            "interestAndDebtExpense": "170000000",
            "netIncomeFromContinuingOperations": "355000000",
            "comprehensiveIncomeNetOfTax": "237000000",
            "ebit": "566000000",
            "ebitda": "1596000000",
            "netIncome": "333000000"
        },
        {
            "fiscalDateEnding": "2021-09-30",
            "reportedCurrency": "USD",
            "grossProfit": "1842000000",
            "totalRevenue": "3991000000",
            "costOfRevenue": "2149000000",
            "costofGoodsAndServicesSold": "2051000000",
            "operatingIncome": "636000000",
            "sellingGeneralAndAdministrative": "1476000000",
            "researchAndDevelopment": "None",
            "operatingExpenses": "2149000000",
            "investmentIncomeNet": "1000000",
            "netInterestIncome": "-172000000",
            "interestIncome": "1000000",
            "interestExpense": "173000000",
            "nonInterestIncome": "4163000000",
            "otherNonOperatingIncome": "14000000",
            "depreciation": "None",
            "depreciationAndAmortization": "642000000",
            "incomeBeforeTax": "482000000",
            "incomeTaxExpense": "54000000",
            "interestAndDebtExpense": "173000000",
            "netIncomeFromContinuingOperations": "446000000",
            "comprehensiveIncomeNetOfTax": "102000000",
            "ebit": "655000000",
            "ebitda": "1297000000",
            "netIncome": "428000000"
        },
        {
            "fiscalDateEnding": "2021-06-30",
            "reportedCurrency": "USD",
            "grossProfit": "1777000000",
            "totalRevenue": "3876000000",
            "costOfRevenue": "2099000000",
            "costofGoodsAndServicesSold": "1967000000",
            "operatingIncome": "644000000",
            "sellingGeneralAndAdministrative": "1440000000",
            "researchAndDevelopment": "None",
            "operatingExpenses": "2099000000",
            "investmentIncomeNet": "1000000",
            "netInterestIncome": "-175000000",
            "interestIncome": "1000000",
            "interestExpense": "176000000",
            "nonInterestIncome": "4051000000",
            "otherNonOperatingIncome": "1000000",
            "depreciation": "None",
            "depreciationAndAmortization": "653000000",
            "incomeBeforeTax": "497000000",
            "incomeTaxExpense": "228000000",
            "interestAndDebtExpense": "176000000",
            "netIncomeFromContinuingOperations": "284000000",
            "comprehensiveIncomeNetOfTax": "482000000",
            "ebit": "673000000",
            "ebitda": "1326000000",
            "netIncome": "269000000"
        },
        {
            "fiscalDateEnding": "2021-03-31",
            "reportedCurrency": "USD",
            "grossProfit": "1324000000",
            "totalRevenue": "3650000000",
            "costOfRevenue": "2326000000",
            "costofGoodsAndServicesSold": "1907000000",
            "operatingIncome": "475000000",
            "sellingGeneralAndAdministrative": "1373000000",
            "researchAndDevelopment": "None",
            "operatingExpenses": "2326000000",
            "investmentIncomeNet": "1000000",
            "netInterestIncome": "-176000000",
            "interestIncome": "1000000",
            "interestExpense": "177000000",
            "nonInterestIncome": "3755000000",
            "otherNonOperatingIncome": "21000000",
            "depreciation": "None",
            "depreciationAndAmortization": "918000000",
            "incomeBeforeTax": "322000000",
            "incomeTaxExpense": "18000000",
            "interestAndDebtExpense": "177000000",
            "netIncomeFromContinuingOperations": "318000000",
            "comprehensiveIncomeNetOfTax": "155000000",
            "ebit": "499000000",
            "ebitda": "1417000000",
            "netIncome": "304000000"
        },
        {
            "fiscalDateEnding": "2020-12-31",
            "reportedCurrency": "USD",
            "grossProfit": "2373000000",
            "totalRevenue": "3832000000",
            "costOfRevenue": "1459000000",
            "costofGoodsAndServicesSold": "1857000000",
            "operatingIncome": "516000000",
            "sellingGeneralAndAdministrative": "1459000000",
            "researchAndDevelopment": "None",
            "operatingExpenses": "1459000000",
            "investmentIncomeNet": "1000000",
            "netInterestIncome": "-174000000",
            "interestIncome": "1000000",
            "interestExpense": "175000000",
            "nonInterestIncome": "3832000000",
            "otherNonOperatingIncome": "-6000000",
            "depreciation": "None",
            "depreciationAndAmortization": "886000000",
            "incomeBeforeTax": "320000000",
            "incomeTaxExpense": "20000000",
            "interestAndDebtExpense": "175000000",
            "netIncomeFromContinuingOperations": "313000000",
            "comprehensiveIncomeNetOfTax": "744000000",
            "ebit": "495000000",
            "ebitda": "1381000000",
            "netIncome": "300000000"
        },
        {
            "fiscalDateEnding": "2020-09-30",
            "reportedCurrency": "USD",
            "grossProfit": "1541000000",
            "totalRevenue": "3669000000",
            "costOfRevenue": "2128000000",
            "costofGoodsAndServicesSold": "1868000000",
            "operatingIncome": "542000000",
            "sellingGeneralAndAdministrative": "1412000000",
            "researchAndDevelopment": "None",
            "operatingExpenses": "2092000000",
            "investmentIncomeNet": "2000000",
            "netInterestIncome": "-174000000",
            "interestIncome": "2000000",
            "interestExpense": "176000000",
            "nonInterestIncome": "3822000000",
            "otherNonOperatingIncome": "13000000",
            "depreciation": "None",
            "depreciationAndAmortization": "671000000",
            "incomeBeforeTax": "388000000",
            "incomeTaxExpense": "124000000",
            "interestAndDebtExpense": "176000000",
            "netIncomeFromContinuingOperations": "276000000",
            "comprehensiveIncomeNetOfTax": "77000000",
            "ebit": "564000000",
            "ebitda": "1235000000",
            "netIncome": "264000000"
        },
        {
            "fiscalDateEnding": "2020-06-30",
            "reportedCurrency": "USD",
            "grossProfit": "1109000000",
            "totalRevenue": "3312000000",
            "costOfRevenue": "2203000000",
            "costofGoodsAndServicesSold": "1920000000",
            "operatingIncome": "165000000",
            "sellingGeneralAndAdministrative": "1377000000",
            "researchAndDevelopment": "None",
            "operatingExpenses": "2206000000",
            "investmentIncomeNet": "2000000",
            "netInterestIncome": "-174000000",
            "interestIncome": "2000000",
            "interestExpense": "176000000",
            "nonInterestIncome": "3462000000",
            "otherNonOperatingIncome": "1000000",
            "depreciation": "None",
            "depreciationAndAmortization": "694000000",
            "incomeBeforeTax": "-25000000",
            "incomeTaxExpense": "-27000000",
            "interestAndDebtExpense": "176000000",
            "netIncomeFromContinuingOperations": "9000000",
            "comprehensiveIncomeNetOfTax": "169000000",
            "ebit": "151000000",
            "ebitda": "845000000",
            "netIncome": "2000000"
        },
        {
            "fiscalDateEnding": "2020-03-31",
            "reportedCurrency": "USD",
            "grossProfit": "1600000000",
            "totalRevenue": "4037000000",
            "costOfRevenue": "2437000000",
            "costofGoodsAndServicesSold": "2167000000",
            "operatingIncome": "629000000",
            "sellingGeneralAndAdministrative": "1404000000",
            "researchAndDevelopment": "None",
            "operatingExpenses": "2006000000",
            "investmentIncomeNet": "2000000",
            "netInterestIncome": "-187000000",
            "interestIncome": "2000000",
            "interestExpense": "189000000",
            "nonInterestIncome": "4200000000",
            "otherNonOperatingIncome": "20000000",
            "depreciation": "None",
            "depreciationAndAmortization": "985000000",
            "incomeBeforeTax": "471000000",
            "incomeTaxExpense": "79000000",
            "interestAndDebtExpense": "189000000",
            "netIncomeFromContinuingOperations": "377000000",
            "comprehensiveIncomeNetOfTax": "-239000000",
            "ebit": "660000000",
            "ebitda": "1645000000",
            "netIncome": "392000000"
        },
        {
            "fiscalDateEnding": "2019-12-31",
            "reportedCurrency": "USD",
            "grossProfit": "2539000000",
            "totalRevenue": "4050000000",
            "costOfRevenue": "1511000000",
            "costofGoodsAndServicesSold": "2109000000",
            "operatingIncome": "478000000",
            "sellingGeneralAndAdministrative": "1463000000",
            "researchAndDevelopment": "None",
            "operatingExpenses": "1506000000",
            "investmentIncomeNet": "4000000",
            "netInterestIncome": "-194000000",
            "interestIncome": "4000000",
            "interestExpense": "198000000",
            "nonInterestIncome": "4050000000",
            "otherNonOperatingIncome": "-6000000",
            "depreciation": "None",
            "depreciationAndAmortization": "1550000000",
            "incomeBeforeTax": "301000000",
            "incomeTaxExpense": "54000000",
            "interestAndDebtExpense": "198000000",
            "netIncomeFromContinuingOperations": "241000000",
            "comprehensiveIncomeNetOfTax": "446000000",
            "ebit": "499000000",
            "ebitda": "2049000000",
            "netIncome": "247000000"
        },
        {
            "fiscalDateEnding": "2019-09-30",
            "reportedCurrency": "USD",
            "grossProfit": "1825000000",
            "totalRevenue": "2978000000",
            "costOfRevenue": "1153000000",
            "costofGoodsAndServicesSold": "1617000000",
            "operatingIncome": "374000000",
            "sellingGeneralAndAdministrative": "1137000000",
            "researchAndDevelopment": "None",
            "operatingExpenses": "1153000000",
            "investmentIncomeNet": "23000000",
            "netInterestIncome": "-164000000",
            "interestIncome": "23000000",
            "interestExpense": "187000000",
            "nonInterestIncome": "3128000000",
            "otherNonOperatingIncome": "-3000000",
            "depreciation": "None",
            "depreciationAndAmortization": "16000000",
            "incomeBeforeTax": "251000000",
            "incomeTaxExpense": "53000000",
            "interestAndDebtExpense": "187000000",
            "netIncomeFromContinuingOperations": "225000000",
            "comprehensiveIncomeNetOfTax": "12000000",
            "ebit": "438000000",
            "ebitda": "454000000",
            "netIncome": "198000000"
        },
        {
            "fiscalDateEnding": "2019-06-30",
            "reportedCurrency": "USD",
            "grossProfit": "1104000000",
            "totalRevenue": "1448000000",
            "costOfRevenue": "344000000",
            "costofGoodsAndServicesSold": "785000000",
            "operatingIncome": "384000000",
            "sellingGeneralAndAdministrative": "343000000",
            "researchAndDevelopment": "None",
            "operatingExpenses": "344000000",
            "investmentIncomeNet": "6000000",
            "netInterestIncome": "-58000000",
            "interestIncome": "6000000",
            "interestExpense": "64000000",
            "nonInterestIncome": "1512000000",
            "otherNonOperatingIncome": "2000000",
            "depreciation": "None",
            "depreciationAndAmortization": "1000000",
            "incomeBeforeTax": "283000000",
            "incomeTaxExpense": "60000000",
            "interestAndDebtExpense": "64000000",
            "netIncomeFromContinuingOperations": "223000000",
            "comprehensiveIncomeNetOfTax": "115000000",
            "ebit": "347000000",
            "ebitda": "348000000",
            "netIncome": "223000000"
        },
        {
            "fiscalDateEnding": "2019-03-31",
            "reportedCurrency": "USD",
            "grossProfit": "263000000",
            "totalRevenue": "1502000000",
            "costOfRevenue": "1239000000",
            "costofGoodsAndServicesSold": "798000000",
            "operatingIncome": "373000000",
            "sellingGeneralAndAdministrative": "341000000",
            "researchAndDevelopment": "None",
            "operatingExpenses": "431000000",
            "investmentIncomeNet": "2000000",
            "netInterestIncome": "-57000000",
            "interestIncome": "2000000",
            "interestExpense": "59000000",
            "nonInterestIncome": "1512000000",
            "otherNonOperatingIncome": "1000000",
            "depreciation": "None",
            "depreciationAndAmortization": "100000000",
            "incomeBeforeTax": "256000000",
            "incomeTaxExpense": "31000000",
            "interestAndDebtExpense": "59000000",
            "netIncomeFromContinuingOperations": "225000000",
            "comprehensiveIncomeNetOfTax": "207000000",
            "ebit": "315000000",
            "ebitda": "415000000",
            "netIncome": "225000000"
        },
        {
            "fiscalDateEnding": "2018-12-31",
            "reportedCurrency": "USD",
            "grossProfit": "431000000",
            "totalRevenue": "1551000000",
            "costOfRevenue": "1120000000",
            "costofGoodsAndServicesSold": "822000000",
            "operatingIncome": "431000000",
            "sellingGeneralAndAdministrative": "298000000",
            "researchAndDevelopment": "None",
            "operatingExpenses": "298000000",
            "investmentIncomeNet": "6000000",
            "netInterestIncome": "-55000000",
            "interestIncome": "1000000",
            "interestExpense": "56000000",
            "nonInterestIncome": "0",
            "otherNonOperatingIncome": "2000000",
            "depreciation": "None",
            "depreciationAndAmortization": "111000000",
            "incomeBeforeTax": "374000000",
            "incomeTaxExpense": "88000000",
            "interestAndDebtExpense": "62000000",
            "netIncomeFromContinuingOperations": "286000000",
            "comprehensiveIncomeNetOfTax": "298000000",
            "ebit": "430000000",
            "ebitda": "541000000",
            "netIncome": "286000000"
        },
        {
            "fiscalDateEnding": "2018-09-30",
            "reportedCurrency": "USD",
            "grossProfit": "358000000",
            "totalRevenue": "1412000000",
            "costOfRevenue": "1054000000",
            "costofGoodsAndServicesSold": "749000000",
            "operatingIncome": "356000000",
            "sellingGeneralAndAdministrative": "305000000",
            "researchAndDevelopment": "None",
            "operatingExpenses": "307000000",
            "investmentIncomeNet": "2000000",
            "netInterestIncome": "-45000000",
            "interestIncome": "2000000",
            "interestExpense": "47000000",
            "nonInterestIncome": "1402000000",
            "otherNonOperatingIncome": "1000000",
            "depreciation": "None",
            "depreciationAndAmortization": "96000000",
            "incomeBeforeTax": "305000000",
            "incomeTaxExpense": "78000000",
            "interestAndDebtExpense": "55000000",
            "netIncomeFromContinuingOperations": "227000000",
            "comprehensiveIncomeNetOfTax": "214000000",
            "ebit": "352000000",
            "ebitda": "448000000",
            "netIncome": "227000000"
        },
        {
            "fiscalDateEnding": "2018-06-30",
            "reportedCurrency": "USD",
            "grossProfit": "361000000",
            "totalRevenue": "1420000000",
            "costOfRevenue": "1059000000",
            "costofGoodsAndServicesSold": "739000000",
            "operatingIncome": "358000000",
            "sellingGeneralAndAdministrative": "320000000",
            "researchAndDevelopment": "None",
            "operatingExpenses": "323000000",
            "investmentIncomeNet": "None",
            "netInterestIncome": "-45000000",
            "interestIncome": "None",
            "interestExpense": "45000000",
            "nonInterestIncome": "1417000000",
            "otherNonOperatingIncome": "10000000",
            "depreciation": "None",
            "depreciationAndAmortization": "96000000",
            "incomeBeforeTax": "323000000",
            "incomeTaxExpense": "72000000",
            "interestAndDebtExpense": "45000000",
            "netIncomeFromContinuingOperations": "251000000",
            "comprehensiveIncomeNetOfTax": "241000000",
            "ebit": "368000000",
            "ebitda": "464000000",
            "netIncome": "251000000"
        },
        {
            "fiscalDateEnding": "2018-03-31",
            "reportedCurrency": "USD",
            "grossProfit": "282000000",
            "totalRevenue": "1440000000",
            "costOfRevenue": "1158000000",
            "costofGoodsAndServicesSold": "759000000",
            "operatingIncome": "608000000",
            "sellingGeneralAndAdministrative": "305000000",
            "researchAndDevelopment": "None",
            "operatingExpenses": "167000000",
            "investmentIncomeNet": "None",
            "netInterestIncome": "-45000000",
            "interestIncome": "None",
            "interestExpense": "45000000",
            "nonInterestIncome": "1672000000",
            "otherNonOperatingIncome": "None",
            "depreciation": "None",
            "depreciationAndAmortization": "94000000",
            "incomeBeforeTax": "563000000",
            "incomeTaxExpense": "140000000",
            "interestAndDebtExpense": "45000000",
            "netIncomeFromContinuingOperations": "423000000",
            "comprehensiveIncomeNetOfTax": "421000000",
            "ebit": "608000000",
            "ebitda": "702000000",
            "netIncome": "423000000"
        },
        {
            "fiscalDateEnding": "2017-12-31",
            "reportedCurrency": "USD",
            "grossProfit": "425000000",
            "totalRevenue": "1516000000",
            "costOfRevenue": "1091000000",
            "costofGoodsAndServicesSold": "778000000",
            "operatingIncome": "425000000",
            "sellingGeneralAndAdministrative": "313000000",
            "researchAndDevelopment": "None",
            "operatingExpenses": "313000000",
            "investmentIncomeNet": "0",
            "netInterestIncome": "-44000000",
            "interestIncome": "1000000",
            "interestExpense": "45000000",
            "nonInterestIncome": "0",
            "otherNonOperatingIncome": "1000000",
            "depreciation": "None",
            "depreciationAndAmortization": "69000000",
            "incomeBeforeTax": "395000000",
            "incomeTaxExpense": "-151000000",
            "interestAndDebtExpense": "45000000",
            "netIncomeFromContinuingOperations": "532000000",
            "comprehensiveIncomeNetOfTax": "547000000",
            "ebit": "440000000",
            "ebitda": "509000000",
            "netIncome": "546000000"
        },
        {
            "fiscalDateEnding": "2017-09-30",
            "reportedCurrency": "USD",
            "grossProfit": "370000000",
            "totalRevenue": "1400000000",
            "costOfRevenue": "1030000000",
            "costofGoodsAndServicesSold": "746000000",
            "operatingIncome": "370000000",
            "sellingGeneralAndAdministrative": "284000000",
            "researchAndDevelopment": "None",
            "operatingExpenses": "284000000",
            "investmentIncomeNet": "0",
            "netInterestIncome": "-45000000",
            "interestIncome": "None",
            "interestExpense": "45000000",
            "nonInterestIncome": "0",
            "otherNonOperatingIncome": "5000000",
            "depreciation": "None",
            "depreciationAndAmortization": "68000000",
            "incomeBeforeTax": "330000000",
            "incomeTaxExpense": "98000000",
            "interestAndDebtExpense": "45000000",
            "netIncomeFromContinuingOperations": "232000000",
            "comprehensiveIncomeNetOfTax": "236000000",
            "ebit": "375000000",
            "ebitda": "443000000",
            "netIncome": "232000000"
        },
        {
            "fiscalDateEnding": "2017-06-30",
            "reportedCurrency": "USD",
            "grossProfit": "362000000",
            "totalRevenue": "1386000000",
            "costOfRevenue": "1024000000",
            "costofGoodsAndServicesSold": "748000000",
            "operatingIncome": "372000000",
            "sellingGeneralAndAdministrative": "276000000",
            "researchAndDevelopment": "None",
            "operatingExpenses": "266000000",
            "investmentIncomeNet": "2000000",
            "netInterestIncome": "-44000000",
            "interestIncome": "None",
            "interestExpense": "44000000",
            "nonInterestIncome": "10000000",
            "otherNonOperatingIncome": "2000000",
            "depreciation": "None",
            "depreciationAndAmortization": "69000000",
            "incomeBeforeTax": "330000000",
            "incomeTaxExpense": "109000000",
            "interestAndDebtExpense": "44000000",
            "netIncomeFromContinuingOperations": "221000000",
            "comprehensiveIncomeNetOfTax": "229000000",
            "ebit": "374000000",
            "ebitda": "443000000",
            "netIncome": "221000000"
        },
        {
            "fiscalDateEnding": "2017-03-31",
            "reportedCurrency": "USD",
            "grossProfit": "297000000",
            "totalRevenue": "1394000000",
            "costOfRevenue": "1097000000",
            "costofGoodsAndServicesSold": "752000000",
            "operatingIncome": "365000000",
            "sellingGeneralAndAdministrative": "277000000",
            "researchAndDevelopment": "None",
            "operatingExpenses": "345000000",
            "investmentIncomeNet": "0",
            "netInterestIncome": "-42000000",
            "interestIncome": "None",
            "interestExpense": "42000000",
            "nonInterestIncome": "0",
            "otherNonOperatingIncome": "26000000",
            "depreciation": "None",
            "depreciationAndAmortization": "68000000",
            "incomeBeforeTax": "349000000",
            "incomeTaxExpense": "102000000",
            "interestAndDebtExpense": "42000000",
            "netIncomeFromContinuingOperations": "247000000",
            "comprehensiveIncomeNetOfTax": "256000000",
            "ebit": "391000000",
            "ebitda": "459000000",
            "netIncome": "247000000"
        }
    ]
}