{
    "symbol": "INCY",
    "annualReports": [
        {
            "fiscalDateEnding": "2021-12-31",
            "reportedCurrency": "USD",
            "grossProfit": "2835276000",
            "totalRevenue": "2986267000",
            "costOfRevenue": "150991000",
            "costofGoodsAndServicesSold": "150991000",
            "operatingIncome": "585777000",
            "sellingGeneralAndAdministrative": "739560000",
            "researchAndDevelopment": "1458179000",
            "operatingExpenses": "2221939000",
            "investmentIncomeNet": "None",
            "netInterestIncome": "-1908000",
            "interestIncome": "None",
            "interestExpense": "1908000",
            "nonInterestIncome": "2986267000",
            "otherNonOperatingIncome": "10647000",
            "depreciation": "36300000",
            "depreciationAndAmortization": "24200000",
            "incomeBeforeTax": "570444000",
            "incomeTaxExpense": "-378137000",
            "interestAndDebtExpense": "1908000",
            "netIncomeFromContinuingOperations": "948581000",
            "comprehensiveIncomeNetOfTax": "944487000",
            "ebit": "572352000",
            "ebitda": "596552000",
            "netIncome": "948581000"
        },
        {
            "fiscalDateEnding": "2020-12-31",
            "reportedCurrency": "USD",
            "grossProfit": "2535374000",
            "totalRevenue": "2666702000",
            "costOfRevenue": "131328000",
            "costofGoodsAndServicesSold": "131300000",
            "operatingIncome": "-263676000",
            "sellingGeneralAndAdministrative": "516922000",
            "researchAndDevelopment": "2215942000",
            "operatingExpenses": "2756964000",
            "investmentIncomeNet": "None",
            "netInterestIncome": "-2174000",
            "interestIncome": "None",
            "interestExpense": "2174000",
            "nonInterestIncome": "2666702000",
            "otherNonOperatingIncome": "23206000",
            "depreciation": "29600000",
            "depreciationAndAmortization": "24100000",
            "incomeBeforeTax": "-232218000",
            "incomeTaxExpense": "63479000",
            "interestAndDebtExpense": "2174000",
            "netIncomeFromContinuingOperations": "-295697000",
            "comprehensiveIncomeNetOfTax": "-295515000",
            "ebit": "-230044000",
            "ebitda": "-205944000",
            "netIncome": "-295697000"
        },
        {
            "fiscalDateEnding": "2019-12-31",
            "reportedCurrency": "USD",
            "grossProfit": "2044510000",
            "totalRevenue": "2158759000",
            "costOfRevenue": "114249000",
            "costofGoodsAndServicesSold": "114200000",
            "operatingIncome": "402006000",
            "sellingGeneralAndAdministrative": "468711000",
            "researchAndDevelopment": "1154111000",
            "operatingExpenses": "1646022000",
            "investmentIncomeNet": "None",
            "netInterestIncome": "-1855000",
            "interestIncome": "84785000",
            "interestExpense": "1855000",
            "nonInterestIncome": "2158759000",
            "otherNonOperatingIncome": "52182000",
            "depreciation": "32100000",
            "depreciationAndAmortization": "23200000",
            "incomeBeforeTax": "486791000",
            "incomeTaxExpense": "39885000",
            "interestAndDebtExpense": "1855000",
            "netIncomeFromContinuingOperations": "446906000",
            "comprehensiveIncomeNetOfTax": "441529000",
            "ebit": "488646000",
            "ebitda": "511846000",
            "netIncome": "446906000"
        },
        {
            "fiscalDateEnding": "2018-12-31",
            "reportedCurrency": "USD",
            "grossProfit": "1787760000",
            "totalRevenue": "1881883000",
            "costOfRevenue": "94123000",
            "costofGoodsAndServicesSold": "94100000",
            "operatingIncome": "129223000",
            "sellingGeneralAndAdministrative": "434407000",
            "researchAndDevelopment": "1197957000",
            "operatingExpenses": "1653864000",
            "investmentIncomeNet": "31760000",
            "netInterestIncome": "-1543000",
            "interestIncome": "-45636000",
            "interestExpense": "1543000",
            "nonInterestIncome": "1881883000",
            "otherNonOperatingIncome": "31760000",
            "depreciation": "32300000",
            "depreciationAndAmortization": "21500000",
            "incomeBeforeTax": "115347000",
            "incomeTaxExpense": "5854000",
            "interestAndDebtExpense": "1543000",
            "netIncomeFromContinuingOperations": "109493000",
            "comprehensiveIncomeNetOfTax": "109091000",
            "ebit": "116890000",
            "ebitda": "138390000",
            "netIncome": "109493000"
        },
        {
            "fiscalDateEnding": "2017-12-31",
            "reportedCurrency": "USD",
            "grossProfit": "1456737000",
            "totalRevenue": "1536216000",
            "costOfRevenue": "79479000",
            "costofGoodsAndServicesSold": "79479000",
            "operatingIncome": "-243387000",
            "sellingGeneralAndAdministrative": "366286000",
            "researchAndDevelopment": "1326134000",
            "operatingExpenses": "1726267000",
            "investmentIncomeNet": "17153000",
            "netInterestIncome": "-6900000",
            "interestIncome": "17500000",
            "interestExpense": "6900000",
            "nonInterestIncome": "1536216000",
            "otherNonOperatingIncome": "17153000",
            "depreciation": "24600000",
            "depreciationAndAmortization": "21500000",
            "incomeBeforeTax": "-312290000",
            "incomeTaxExpense": "852000",
            "interestAndDebtExpense": "61781000",
            "netIncomeFromContinuingOperations": "-313142000",
            "comprehensiveIncomeNetOfTax": "-317266000",
            "ebit": "-305390000",
            "ebitda": "-283890000",
            "netIncome": "-313142000"
        }
    ],
    "quarterlyReports": [
        {
            "fiscalDateEnding": "2021-12-31",
            "reportedCurrency": "USD",
            "grossProfit": "818979000",
            "totalRevenue": "862853000",
            "costOfRevenue": "43874000",
            "costofGoodsAndServicesSold": "43891000",
            "operatingIncome": "110734000",
            "sellingGeneralAndAdministrative": "226202000",
            "researchAndDevelopment": "472827000",
            "operatingExpenses": "721229000",
            "investmentIncomeNet": "None",
            "netInterestIncome": "-752000",
            "interestIncome": "None",
            "interestExpense": "752000",
            "nonInterestIncome": "862853000",
            "otherNonOperatingIncome": "5716000",
            "depreciation": "None",
            "depreciationAndAmortization": "22200000",
            "incomeBeforeTax": "120020000",
            "incomeTaxExpense": "-443831000",
            "interestAndDebtExpense": "752000",
            "netIncomeFromContinuingOperations": "563851000",
            "comprehensiveIncomeNetOfTax": "563043000",
            "ebit": "120772000",
            "ebitda": "142972000",
            "netIncome": "563851000"
        },
        {
            "fiscalDateEnding": "2021-09-30",
            "reportedCurrency": "USD",
            "grossProfit": "773118000",
            "totalRevenue": "812987000",
            "costOfRevenue": "39869000",
            "costofGoodsAndServicesSold": "39900000",
            "operatingIncome": "235410000",
            "sellingGeneralAndAdministrative": "190704000",
            "researchAndDevelopment": "334945000",
            "operatingExpenses": "526349000",
            "investmentIncomeNet": "None",
            "netInterestIncome": "-439000",
            "interestIncome": "None",
            "interestExpense": "439000",
            "nonInterestIncome": "812987000",
            "otherNonOperatingIncome": "1948000",
            "depreciation": "None",
            "depreciationAndAmortization": "700000",
            "incomeBeforeTax": "209439000",
            "incomeTaxExpense": "27700000",
            "interestAndDebtExpense": "439000",
            "netIncomeFromContinuingOperations": "181769000",
            "comprehensiveIncomeNetOfTax": "181366000",
            "ebit": "209878000",
            "ebitda": "210578000",
            "netIncome": "181739000"
        },
        {
            "fiscalDateEnding": "2021-06-30",
            "reportedCurrency": "USD",
            "grossProfit": "667681000",
            "totalRevenue": "705709000",
            "costOfRevenue": "38028000",
            "costofGoodsAndServicesSold": "38000000",
            "operatingIncome": "140836000",
            "sellingGeneralAndAdministrative": "168859000",
            "researchAndDevelopment": "343511000",
            "operatingExpenses": "513070000",
            "investmentIncomeNet": "None",
            "netInterestIncome": "-358000",
            "interestIncome": "None",
            "interestExpense": "358000",
            "nonInterestIncome": "705709000",
            "otherNonOperatingIncome": "4390000",
            "depreciation": "None",
            "depreciationAndAmortization": "700000",
            "incomeBeforeTax": "171633000",
            "incomeTaxExpense": "22177000",
            "interestAndDebtExpense": "358000",
            "netIncomeFromContinuingOperations": "149456000",
            "comprehensiveIncomeNetOfTax": "151541000",
            "ebit": "171991000",
            "ebitda": "172691000",
            "netIncome": "149456000"
        },
        {
            "fiscalDateEnding": "2021-03-31",
            "reportedCurrency": "USD",
            "grossProfit": "575498000",
            "totalRevenue": "604718000",
            "costOfRevenue": "29220000",
            "costofGoodsAndServicesSold": "29200000",
            "operatingIncome": "98797000",
            "sellingGeneralAndAdministrative": "153795000",
            "researchAndDevelopment": "306896000",
            "operatingExpenses": "461291000",
            "investmentIncomeNet": "None",
            "netInterestIncome": "-359000",
            "interestIncome": "None",
            "interestExpense": "359000",
            "nonInterestIncome": "604718000",
            "otherNonOperatingIncome": "-1407000",
            "depreciation": "None",
            "depreciationAndAmortization": "600000",
            "incomeBeforeTax": "69322000",
            "incomeTaxExpense": "15787000",
            "interestAndDebtExpense": "359000",
            "netIncomeFromContinuingOperations": "53535000",
            "comprehensiveIncomeNetOfTax": "48537000",
            "ebit": "69681000",
            "ebitda": "70281000",
            "netIncome": "53535000"
        },
        {
            "fiscalDateEnding": "2020-12-31",
            "reportedCurrency": "USD",
            "grossProfit": "753186000",
            "totalRevenue": "789509000",
            "costOfRevenue": "36323000",
            "costofGoodsAndServicesSold": "36300000",
            "operatingIncome": "164229000",
            "sellingGeneralAndAdministrative": "166988000",
            "researchAndDevelopment": "405945000",
            "operatingExpenses": "595133000",
            "investmentIncomeNet": "None",
            "netInterestIncome": "-428000",
            "interestIncome": "None",
            "interestExpense": "428000",
            "nonInterestIncome": "789509000",
            "otherNonOperatingIncome": "4810000",
            "depreciation": "None",
            "depreciationAndAmortization": "22200000",
            "incomeBeforeTax": "168102000",
            "incomeTaxExpense": "18252000",
            "interestAndDebtExpense": "428000",
            "netIncomeFromContinuingOperations": "789509000",
            "comprehensiveIncomeNetOfTax": "144238000",
            "ebit": "168530000",
            "ebitda": "190730000",
            "netIncome": "149850000"
        },
        {
            "fiscalDateEnding": "2020-09-30",
            "reportedCurrency": "USD",
            "grossProfit": "586321000",
            "totalRevenue": "620643000",
            "costOfRevenue": "34322000",
            "costofGoodsAndServicesSold": "34300000",
            "operatingIncome": "5326000",
            "sellingGeneralAndAdministrative": "120788000",
            "researchAndDevelopment": "438109000",
            "operatingExpenses": "559597000",
            "investmentIncomeNet": "None",
            "netInterestIncome": "-544000",
            "interestIncome": "None",
            "interestExpense": "544000",
            "nonInterestIncome": "620643000",
            "otherNonOperatingIncome": "4917000",
            "depreciation": "None",
            "depreciationAndAmortization": "700000",
            "incomeBeforeTax": "-3503000",
            "incomeTaxExpense": "11700000",
            "interestAndDebtExpense": "544000",
            "netIncomeFromContinuingOperations": "-15208000",
            "comprehensiveIncomeNetOfTax": "-12528000",
            "ebit": "-2959000",
            "ebitda": "-2259000",
            "netIncome": "-15203000"
        },
        {
            "fiscalDateEnding": "2020-06-30",
            "reportedCurrency": "USD",
            "grossProfit": "654679000",
            "totalRevenue": "688043000",
            "costOfRevenue": "33364000",
            "costofGoodsAndServicesSold": "33400000",
            "operatingIncome": "230773000",
            "sellingGeneralAndAdministrative": "117998000",
            "researchAndDevelopment": "286601000",
            "operatingExpenses": "405299000",
            "investmentIncomeNet": "None",
            "netInterestIncome": "-600000",
            "interestIncome": "None",
            "interestExpense": "600000",
            "nonInterestIncome": "688043000",
            "otherNonOperatingIncome": "4817000",
            "depreciation": "None",
            "depreciationAndAmortization": "700000",
            "incomeBeforeTax": "307264000",
            "incomeTaxExpense": "16966000",
            "interestAndDebtExpense": "600000",
            "netIncomeFromContinuingOperations": "290264000",
            "comprehensiveIncomeNetOfTax": "290982000",
            "ebit": "307864000",
            "ebitda": "308564000",
            "netIncome": "290298000"
        },
        {
            "fiscalDateEnding": "2020-03-31",
            "reportedCurrency": "USD",
            "grossProfit": "541188000",
            "totalRevenue": "568507000",
            "costOfRevenue": "27319000",
            "costofGoodsAndServicesSold": "27319000",
            "operatingIncome": "-664004000",
            "sellingGeneralAndAdministrative": "111148000",
            "researchAndDevelopment": "1085287000",
            "operatingExpenses": "1197035000",
            "investmentIncomeNet": "None",
            "netInterestIncome": "-602000",
            "interestIncome": "-40072000",
            "interestExpense": "602000",
            "nonInterestIncome": "568507000",
            "otherNonOperatingIncome": "8662000",
            "depreciation": "None",
            "depreciationAndAmortization": "600000",
            "incomeBeforeTax": "-704076000",
            "incomeTaxExpense": "16566000",
            "interestAndDebtExpense": "602000",
            "netIncomeFromContinuingOperations": "-720642000",
            "comprehensiveIncomeNetOfTax": "-718207000",
            "ebit": "-703474000",
            "ebitda": "-702874000",
            "netIncome": "-720642000"
        },
        {
            "fiscalDateEnding": "2019-12-31",
            "reportedCurrency": "USD",
            "grossProfit": "547174000",
            "totalRevenue": "579389000",
            "costOfRevenue": "32215000",
            "costofGoodsAndServicesSold": "32166000",
            "operatingIncome": "95008000",
            "sellingGeneralAndAdministrative": "136177000",
            "researchAndDevelopment": "312867000",
            "operatingExpenses": "471144000",
            "investmentIncomeNet": "None",
            "netInterestIncome": "-607000",
            "interestIncome": "30996000",
            "interestExpense": "607000",
            "nonInterestIncome": "579389000",
            "otherNonOperatingIncome": "15848000",
            "depreciation": "None",
            "depreciationAndAmortization": "22100000",
            "incomeBeforeTax": "126004000",
            "incomeTaxExpense": "14999000",
            "interestAndDebtExpense": "607000",
            "netIncomeFromContinuingOperations": "579389000",
            "comprehensiveIncomeNetOfTax": "104077000",
            "ebit": "126611000",
            "ebitda": "148711000",
            "netIncome": "111005000"
        },
        {
            "fiscalDateEnding": "2019-09-30",
            "reportedCurrency": "USD",
            "grossProfit": "521541000",
            "totalRevenue": "551581000",
            "costOfRevenue": "30040000",
            "costofGoodsAndServicesSold": "30040000",
            "operatingIncome": "134316000",
            "sellingGeneralAndAdministrative": "102608000",
            "researchAndDevelopment": "281336000",
            "operatingExpenses": "384644000",
            "investmentIncomeNet": "None",
            "netInterestIncome": "-597000",
            "interestIncome": "13703000",
            "interestExpense": "597000",
            "nonInterestIncome": "551581000",
            "otherNonOperatingIncome": "11961000",
            "depreciation": "None",
            "depreciationAndAmortization": "700000",
            "incomeBeforeTax": "147971000",
            "incomeTaxExpense": "19700000",
            "interestAndDebtExpense": "597000",
            "netIncomeFromContinuingOperations": "128271000",
            "comprehensiveIncomeNetOfTax": "128622000",
            "ebit": "148568000",
            "ebitda": "149268000",
            "netIncome": "128271000"
        },
        {
            "fiscalDateEnding": "2019-06-30",
            "reportedCurrency": "USD",
            "grossProfit": "500526000",
            "totalRevenue": "529932000",
            "costOfRevenue": "29406000",
            "costofGoodsAndServicesSold": "29406000",
            "operatingIncome": "98612000",
            "sellingGeneralAndAdministrative": "105943000",
            "researchAndDevelopment": "289363000",
            "operatingExpenses": "395506000",
            "investmentIncomeNet": "None",
            "netInterestIncome": "-316000",
            "interestIncome": "10059000",
            "interestExpense": "316000",
            "nonInterestIncome": "529932000",
            "otherNonOperatingIncome": "15000000",
            "depreciation": "None",
            "depreciationAndAmortization": "200000",
            "incomeBeforeTax": "108718000",
            "incomeTaxExpense": "3400000",
            "interestAndDebtExpense": "316000",
            "netIncomeFromContinuingOperations": "105318000",
            "comprehensiveIncomeNetOfTax": "105600000",
            "ebit": "109034000",
            "ebitda": "109234000",
            "netIncome": "105318000"
        },
        {
            "fiscalDateEnding": "2019-03-31",
            "reportedCurrency": "USD",
            "grossProfit": "475269000",
            "totalRevenue": "497857000",
            "costOfRevenue": "22588000",
            "costofGoodsAndServicesSold": "22588000",
            "operatingIncome": "74070000",
            "sellingGeneralAndAdministrative": "123983000",
            "researchAndDevelopment": "270545000",
            "operatingExpenses": "394528000",
            "investmentIncomeNet": "None",
            "netInterestIncome": "-335000",
            "interestIncome": "30027000",
            "interestExpense": "335000",
            "nonInterestIncome": "497857000",
            "otherNonOperatingIncome": "9373000",
            "depreciation": "None",
            "depreciationAndAmortization": "200000",
            "incomeBeforeTax": "104097000",
            "incomeTaxExpense": "1785000",
            "interestAndDebtExpense": "335000",
            "netIncomeFromContinuingOperations": "102312000",
            "comprehensiveIncomeNetOfTax": "103230000",
            "ebit": "104432000",
            "ebitda": "104632000",
            "netIncome": "102312000"
        },
        {
            "fiscalDateEnding": "2018-12-31",
            "reportedCurrency": "USD",
            "grossProfit": "502036000",
            "totalRevenue": "528402000",
            "costOfRevenue": "26366000",
            "costofGoodsAndServicesSold": "26343000",
            "operatingIncome": "81975000",
            "sellingGeneralAndAdministrative": "108358000",
            "researchAndDevelopment": "304238000",
            "operatingExpenses": "434096000",
            "investmentIncomeNet": "None",
            "netInterestIncome": "-355000",
            "interestIncome": "None",
            "interestExpense": "355000",
            "nonInterestIncome": "528402000",
            "otherNonOperatingIncome": "11279000",
            "depreciation": "None",
            "depreciationAndAmortization": "14226000",
            "incomeBeforeTax": "70717000",
            "incomeTaxExpense": "1654000",
            "interestAndDebtExpense": "355000",
            "netIncomeFromContinuingOperations": "528402000",
            "comprehensiveIncomeNetOfTax": "68420000",
            "ebit": "71072000",
            "ebitda": "85298000",
            "netIncome": "69063000"
        },
        {
            "fiscalDateEnding": "2018-09-30",
            "reportedCurrency": "USD",
            "grossProfit": "424888000",
            "totalRevenue": "449683000",
            "costOfRevenue": "24795000",
            "costofGoodsAndServicesSold": "24795000",
            "operatingIncome": "31119000",
            "sellingGeneralAndAdministrative": "96522000",
            "researchAndDevelopment": "292527000",
            "operatingExpenses": "389049000",
            "investmentIncomeNet": "None",
            "netInterestIncome": "-405000",
            "interestIncome": "None",
            "interestExpense": "405000",
            "nonInterestIncome": "449700000",
            "otherNonOperatingIncome": "10211000",
            "depreciation": "None",
            "depreciationAndAmortization": "13818000",
            "incomeBeforeTax": "30976000",
            "incomeTaxExpense": "1800000",
            "interestAndDebtExpense": "405000",
            "netIncomeFromContinuingOperations": "29176000",
            "comprehensiveIncomeNetOfTax": "29463000",
            "ebit": "31381000",
            "ebitda": "45199000",
            "netIncome": "29176000"
        },
        {
            "fiscalDateEnding": "2018-06-30",
            "reportedCurrency": "USD",
            "grossProfit": "496660000",
            "totalRevenue": "521516000",
            "costOfRevenue": "24856000",
            "costofGoodsAndServicesSold": "24856000",
            "operatingIncome": "83239000",
            "sellingGeneralAndAdministrative": "108029000",
            "researchAndDevelopment": "298089000",
            "operatingExpenses": "406118000",
            "investmentIncomeNet": "None",
            "netInterestIncome": "-398000",
            "interestIncome": "None",
            "interestExpense": "398000",
            "nonInterestIncome": "521500000",
            "otherNonOperatingIncome": "5808000",
            "depreciation": "None",
            "depreciationAndAmortization": "13501000",
            "incomeBeforeTax": "53994000",
            "incomeTaxExpense": "1600000",
            "interestAndDebtExpense": "398000",
            "netIncomeFromContinuingOperations": "52394000",
            "comprehensiveIncomeNetOfTax": "52707000",
            "ebit": "54392000",
            "ebitda": "67907000",
            "netIncome": "52394000"
        },
        {
            "fiscalDateEnding": "2018-03-31",
            "reportedCurrency": "USD",
            "grossProfit": "364176000",
            "totalRevenue": "382282000",
            "costOfRevenue": "18106000",
            "costofGoodsAndServicesSold": "18106000",
            "operatingIncome": "-67110000",
            "sellingGeneralAndAdministrative": "121498000",
            "researchAndDevelopment": "303103000",
            "operatingExpenses": "424601000",
            "investmentIncomeNet": "None",
            "netInterestIncome": "-385000",
            "interestIncome": "None",
            "interestExpense": "385000",
            "nonInterestIncome": "382300000",
            "otherNonOperatingIncome": "4462000",
            "depreciation": "None",
            "depreciationAndAmortization": "13424000",
            "incomeBeforeTax": "-40354000",
            "incomeTaxExpense": "786000",
            "interestAndDebtExpense": "385000",
            "netIncomeFromContinuingOperations": "-41140000",
            "comprehensiveIncomeNetOfTax": "-41499000",
            "ebit": "-39969000",
            "ebitda": "-26545000",
            "netIncome": "-41140000"
        },
        {
            "fiscalDateEnding": "2017-12-31",
            "reportedCurrency": "USD",
            "grossProfit": "421797000",
            "totalRevenue": "444156000",
            "costOfRevenue": "22359000",
            "costofGoodsAndServicesSold": "22359000",
            "operatingIncome": "-132418000",
            "sellingGeneralAndAdministrative": "97726000",
            "researchAndDevelopment": "446871000",
            "operatingExpenses": "566267000",
            "investmentIncomeNet": "6269000",
            "netInterestIncome": "-373000",
            "interestIncome": "None",
            "interestExpense": "373000",
            "nonInterestIncome": "444156000",
            "otherNonOperatingIncome": "6446000",
            "depreciation": "None",
            "depreciationAndAmortization": "12859000",
            "incomeBeforeTax": "-148277000",
            "incomeTaxExpense": "1352000",
            "interestAndDebtExpense": "373000",
            "netIncomeFromContinuingOperations": "444156000",
            "comprehensiveIncomeNetOfTax": "-169151000",
            "ebit": "-147904000",
            "ebitda": "-135045000",
            "netIncome": "-149629000"
        },
        {
            "fiscalDateEnding": "2017-09-30",
            "reportedCurrency": "USD",
            "grossProfit": "359498000",
            "totalRevenue": "381534000",
            "costOfRevenue": "22036000",
            "costofGoodsAndServicesSold": "22036000",
            "operatingIncome": "15019000",
            "sellingGeneralAndAdministrative": "91265000",
            "researchAndDevelopment": "269557000",
            "operatingExpenses": "360883000",
            "investmentIncomeNet": "5555000",
            "netInterestIncome": "-204000",
            "interestIncome": "None",
            "interestExpense": "204000",
            "nonInterestIncome": "381534000",
            "otherNonOperatingIncome": "5494000",
            "depreciation": "None",
            "depreciationAndAmortization": "11940000",
            "incomeBeforeTax": "43354000",
            "incomeTaxExpense": "7300000",
            "interestAndDebtExpense": "204000",
            "netIncomeFromContinuingOperations": "36054000",
            "comprehensiveIncomeNetOfTax": "37598000",
            "ebit": "43558000",
            "ebitda": "55498000",
            "netIncome": "36054000"
        },
        {
            "fiscalDateEnding": "2017-06-30",
            "reportedCurrency": "USD",
            "grossProfit": "306184000",
            "totalRevenue": "326444000",
            "costOfRevenue": "20260000",
            "costofGoodsAndServicesSold": "20260000",
            "operatingIncome": "7259000",
            "sellingGeneralAndAdministrative": "90066000",
            "researchAndDevelopment": "201786000",
            "operatingExpenses": "291911000",
            "investmentIncomeNet": "4125000",
            "netInterestIncome": "-384000",
            "interestIncome": "None",
            "interestExpense": "384000",
            "nonInterestIncome": "326444000",
            "otherNonOperatingIncome": "4066000",
            "depreciation": "None",
            "depreciationAndAmortization": "12352000",
            "incomeBeforeTax": "-9384000",
            "incomeTaxExpense": "3100000",
            "interestAndDebtExpense": "1135000",
            "netIncomeFromContinuingOperations": "-12484000",
            "comprehensiveIncomeNetOfTax": "-6893000",
            "ebit": "-9000000",
            "ebitda": "3352000",
            "netIncome": "-12484000"
        },
        {
            "fiscalDateEnding": "2017-03-31",
            "reportedCurrency": "USD",
            "grossProfit": "369258000",
            "totalRevenue": "384082000",
            "costOfRevenue": "14824000",
            "costofGoodsAndServicesSold": "14824000",
            "operatingIncome": "-133247000",
            "sellingGeneralAndAdministrative": "87229000",
            "researchAndDevelopment": "407920000",
            "operatingExpenses": "495206000",
            "investmentIncomeNet": "1204000",
            "netInterestIncome": "-5939000",
            "interestIncome": "None",
            "interestExpense": "5939000",
            "nonInterestIncome": "384082000",
            "otherNonOperatingIncome": "1147000",
            "depreciation": "None",
            "depreciationAndAmortization": "15027000",
            "incomeBeforeTax": "-197983000",
            "incomeTaxExpense": "-10900000",
            "interestAndDebtExpense": "60069000",
            "netIncomeFromContinuingOperations": "-187083000",
            "comprehensiveIncomeNetOfTax": "-178820000",
            "ebit": "-192044000",
            "ebitda": "-177017000",
            "netIncome": "-187083000"
        }
    ]
}