{
    "symbol": "NLSN",
    "annualReports": [
        {
            "fiscalDateEnding": "2021-12-31",
            "reportedCurrency": "USD",
            "grossProfit": "831000000",
            "totalRevenue": "3495000000",
            "costOfRevenue": "2664000000",
            "costofGoodsAndServicesSold": "1212000000",
            "operatingIncome": "872000000",
            "sellingGeneralAndAdministrative": "891000000",
            "researchAndDevelopment": "None",
            "operatingExpenses": "1452000000",
            "investmentIncomeNet": "0",
            "netInterestIncome": "-5000000",
            "interestIncome": "None",
            "interestExpense": "5000000",
            "nonInterestIncome": "3495000000",
            "otherNonOperatingIncome": "-24000000",
            "depreciation": "None",
            "depreciationAndAmortization": "548000000",
            "incomeBeforeTax": "961000000",
            "incomeTaxExpense": "-2000000",
            "interestAndDebtExpense": "5000000",
            "netIncomeFromContinuingOperations": "559000000",
            "comprehensiveIncomeNetOfTax": "1330000000",
            "ebit": "872000000",
            "ebitda": "1514000000",
            "netIncome": "963000000"
        },
        {
            "fiscalDateEnding": "2020-12-31",
            "reportedCurrency": "USD",
            "grossProfit": "183000000",
            "totalRevenue": "5912000000",
            "costOfRevenue": "5729000000",
            "costofGoodsAndServicesSold": "1235000000",
            "operatingIncome": "679000000",
            "sellingGeneralAndAdministrative": "714000000",
            "researchAndDevelopment": "None",
            "operatingExpenses": "2969000000",
            "investmentIncomeNet": "2000000",
            "netInterestIncome": "-371000000",
            "interestIncome": "2000000",
            "interestExpense": "371000000",
            "nonInterestIncome": "6280000000",
            "otherNonOperatingIncome": "-20000000",
            "depreciation": "None",
            "depreciationAndAmortization": "864000000",
            "incomeBeforeTax": "61000000",
            "incomeTaxExpense": "144000000",
            "interestAndDebtExpense": "372000000",
            "netIncomeFromContinuingOperations": "7000000",
            "comprehensiveIncomeNetOfTax": "-106000000",
            "ebit": "432000000",
            "ebitda": "1296000000",
            "netIncome": "-6000000"
        },
        {
            "fiscalDateEnding": "2019-12-31",
            "reportedCurrency": "USD",
            "grossProfit": "-669000000",
            "totalRevenue": "6092000000",
            "costOfRevenue": "6761000000",
            "costofGoodsAndServicesSold": "2822000000",
            "operatingIncome": "-93000000",
            "sellingGeneralAndAdministrative": "1929000000",
            "researchAndDevelopment": "None",
            "operatingExpenses": "3939000000",
            "investmentIncomeNet": "6000000",
            "netInterestIncome": "-397000000",
            "interestIncome": "6000000",
            "interestExpense": "397000000",
            "nonInterestIncome": "6486000000",
            "otherNonOperatingIncome": "-169000000",
            "depreciation": "None",
            "depreciationAndAmortization": "756000000",
            "incomeBeforeTax": "-675000000",
            "incomeTaxExpense": "-260000000",
            "interestAndDebtExpense": "399000000",
            "netIncomeFromContinuingOperations": "-403000000",
            "comprehensiveIncomeNetOfTax": "-310000000",
            "ebit": "-278000000",
            "ebitda": "478000000",
            "netIncome": "-415000000"
        },
        {
            "fiscalDateEnding": "2018-12-31",
            "reportedCurrency": "USD",
            "grossProfit": "-886000000",
            "totalRevenue": "6103000000",
            "costOfRevenue": "6989000000",
            "costofGoodsAndServicesSold": "2805000000",
            "operatingIncome": "-475000000",
            "sellingGeneralAndAdministrative": "1958000000",
            "researchAndDevelopment": "None",
            "operatingExpenses": "4184000000",
            "investmentIncomeNet": "8000000",
            "netInterestIncome": "-394000000",
            "interestIncome": "8000000",
            "interestExpense": "394000000",
            "nonInterestIncome": "6497000000",
            "otherNonOperatingIncome": "-5000000",
            "depreciation": "None",
            "depreciationAndAmortization": "675000000",
            "incomeBeforeTax": "-894000000",
            "incomeTaxExpense": "-182000000",
            "interestAndDebtExpense": "396000000",
            "netIncomeFromContinuingOperations": "-700000000",
            "comprehensiveIncomeNetOfTax": "-882000000",
            "ebit": "-500000000",
            "ebitda": "175000000",
            "netIncome": "-712000000"
        },
        {
            "fiscalDateEnding": "2017-12-31",
            "reportedCurrency": "USD",
            "grossProfit": "3807000000",
            "totalRevenue": "6572000000",
            "costOfRevenue": "2765000000",
            "costofGoodsAndServicesSold": "2765000000",
            "operatingIncome": "1214000000",
            "sellingGeneralAndAdministrative": "1873000000",
            "researchAndDevelopment": "None",
            "operatingExpenses": "2583000000",
            "investmentIncomeNet": "4000000",
            "netInterestIncome": "-374000000",
            "interestIncome": "4000000",
            "interestExpense": "374000000",
            "nonInterestIncome": "-10000000",
            "otherNonOperatingIncome": "-6000000",
            "depreciation": "None",
            "depreciationAndAmortization": "640000000",
            "incomeBeforeTax": "817000000",
            "incomeTaxExpense": "388000000",
            "interestAndDebtExpense": "374000000",
            "netIncomeFromContinuingOperations": "440000000",
            "comprehensiveIncomeNetOfTax": "700000000",
            "ebit": "1191000000",
            "ebitda": "1831000000",
            "netIncome": "429000000"
        }
    ],
    "quarterlyReports": [
        {
            "fiscalDateEnding": "2021-12-31",
            "reportedCurrency": "USD",
            "grossProfit": "177000000",
            "totalRevenue": "893000000",
            "costOfRevenue": "716000000",
            "costofGoodsAndServicesSold": "336000000",
            "operatingIncome": "178000000",
            "sellingGeneralAndAdministrative": "249000000",
            "researchAndDevelopment": "None",
            "operatingExpenses": "380000000",
            "investmentIncomeNet": "0",
            "netInterestIncome": "-2000000",
            "interestIncome": "None",
            "interestExpense": "2000000",
            "nonInterestIncome": "894000000",
            "otherNonOperatingIncome": "3000000",
            "depreciation": "None",
            "depreciationAndAmortization": "130000000",
            "incomeBeforeTax": "83000000",
            "incomeTaxExpense": "-131000000",
            "interestAndDebtExpense": "2000000",
            "netIncomeFromContinuingOperations": "242000000",
            "comprehensiveIncomeNetOfTax": "236000000",
            "ebit": "178000000",
            "ebitda": "215000000",
            "netIncome": "214000000"
        },
        {
            "fiscalDateEnding": "2021-09-30",
            "reportedCurrency": "USD",
            "grossProfit": "236000000",
            "totalRevenue": "881000000",
            "costOfRevenue": "645000000",
            "costofGoodsAndServicesSold": "307000000",
            "operatingIncome": "222000000",
            "sellingGeneralAndAdministrative": "218000000",
            "researchAndDevelopment": "None",
            "operatingExpenses": "338000000",
            "investmentIncomeNet": "0",
            "netInterestIncome": "-1000000",
            "interestIncome": "None",
            "interestExpense": "1000000",
            "nonInterestIncome": "881000000",
            "otherNonOperatingIncome": "-1000000",
            "depreciation": "None",
            "depreciationAndAmortization": "129000000",
            "incomeBeforeTax": "133000000",
            "incomeTaxExpense": "33000000",
            "interestAndDebtExpense": "1000000",
            "netIncomeFromContinuingOperations": "120000000",
            "comprehensiveIncomeNetOfTax": "90000000",
            "ebit": "222000000",
            "ebitda": "263000000",
            "netIncome": "100000000"
        },
        {
            "fiscalDateEnding": "2021-06-30",
            "reportedCurrency": "USD",
            "grossProfit": "235000000",
            "totalRevenue": "863000000",
            "costOfRevenue": "628000000",
            "costofGoodsAndServicesSold": "292000000",
            "operatingIncome": "219000000",
            "sellingGeneralAndAdministrative": "218000000",
            "researchAndDevelopment": "None",
            "operatingExpenses": "336000000",
            "investmentIncomeNet": "0",
            "netInterestIncome": "-1000000",
            "interestIncome": "None",
            "interestExpense": "1000000",
            "nonInterestIncome": "861000000",
            "otherNonOperatingIncome": "-26000000",
            "depreciation": "None",
            "depreciationAndAmortization": "126000000",
            "incomeBeforeTax": "112000000",
            "incomeTaxExpense": "36000000",
            "interestAndDebtExpense": "1000000",
            "netIncomeFromContinuingOperations": "88000000",
            "comprehensiveIncomeNetOfTax": "52000000",
            "ebit": "219000000",
            "ebitda": "239000000",
            "netIncome": "76000000"
        },
        {
            "fiscalDateEnding": "2021-03-31",
            "reportedCurrency": "USD",
            "grossProfit": "133000000",
            "totalRevenue": "779000000",
            "costOfRevenue": "646000000",
            "costofGoodsAndServicesSold": "277000000",
            "operatingIncome": "253000000",
            "sellingGeneralAndAdministrative": "206000000",
            "researchAndDevelopment": "None",
            "operatingExpenses": "369000000",
            "investmentIncomeNet": "0",
            "netInterestIncome": "-80000000",
            "interestIncome": "None",
            "interestExpense": "80000000",
            "nonInterestIncome": "859000000",
            "otherNonOperatingIncome": "0",
            "depreciation": "None",
            "depreciationAndAmortization": "163000000",
            "incomeBeforeTax": "633000000",
            "incomeTaxExpense": "60000000",
            "interestAndDebtExpense": "80000000",
            "netIncomeFromContinuingOperations": "109000000",
            "comprehensiveIncomeNetOfTax": "952000000",
            "ebit": "713000000",
            "ebitda": "876000000",
            "netIncome": "573000000"
        },
        {
            "fiscalDateEnding": "2020-12-31",
            "reportedCurrency": "USD",
            "grossProfit": "1672000000",
            "totalRevenue": "1672000000",
            "costOfRevenue": "1411000000",
            "costofGoodsAndServicesSold": "1844000000",
            "operatingIncome": "166000000",
            "sellingGeneralAndAdministrative": "1330000000",
            "researchAndDevelopment": "None",
            "operatingExpenses": "699000000",
            "investmentIncomeNet": "1000000",
            "netInterestIncome": "-94000000",
            "interestIncome": "1000000",
            "interestExpense": "94000000",
            "nonInterestIncome": "1672000000",
            "otherNonOperatingIncome": "1000000",
            "depreciation": "None",
            "depreciationAndAmortization": "209000000",
            "incomeBeforeTax": "30000000",
            "incomeTaxExpense": "-5000000",
            "interestAndDebtExpense": "94000000",
            "netIncomeFromContinuingOperations": "61000000",
            "comprehensiveIncomeNetOfTax": "35000000",
            "ebit": "124000000",
            "ebitda": "333000000",
            "netIncome": "35000000"
        },
        {
            "fiscalDateEnding": "2020-09-30",
            "reportedCurrency": "USD",
            "grossProfit": "88000000",
            "totalRevenue": "1469000000",
            "costOfRevenue": "1381000000",
            "costofGoodsAndServicesSold": "290000000",
            "operatingIncome": "222000000",
            "sellingGeneralAndAdministrative": "167000000",
            "researchAndDevelopment": "None",
            "operatingExpenses": "718000000",
            "investmentIncomeNet": "0",
            "netInterestIncome": "-92000000",
            "interestIncome": "None",
            "interestExpense": "92000000",
            "nonInterestIncome": "1560000000",
            "otherNonOperatingIncome": "-9000000",
            "depreciation": "None",
            "depreciationAndAmortization": "217000000",
            "incomeBeforeTax": "45000000",
            "incomeTaxExpense": "38000000",
            "interestAndDebtExpense": "92000000",
            "netIncomeFromContinuingOperations": "9000000",
            "comprehensiveIncomeNetOfTax": "14000000",
            "ebit": "137000000",
            "ebitda": "354000000",
            "netIncome": "7000000"
        },
        {
            "fiscalDateEnding": "2020-06-30",
            "reportedCurrency": "USD",
            "grossProfit": "-59000000",
            "totalRevenue": "1409000000",
            "costOfRevenue": "1468000000",
            "costofGoodsAndServicesSold": "302000000",
            "operatingIncome": "119000000",
            "sellingGeneralAndAdministrative": "173000000",
            "researchAndDevelopment": "None",
            "operatingExpenses": "804000000",
            "investmentIncomeNet": "0",
            "netInterestIncome": "-91000000",
            "interestIncome": "None",
            "interestExpense": "91000000",
            "nonInterestIncome": "1499000000",
            "otherNonOperatingIncome": "-5000000",
            "depreciation": "None",
            "depreciationAndAmortization": "224000000",
            "incomeBeforeTax": "-21000000",
            "incomeTaxExpense": "9000000",
            "interestAndDebtExpense": "91000000",
            "netIncomeFromContinuingOperations": "-27000000",
            "comprehensiveIncomeNetOfTax": "-12000000",
            "ebit": "70000000",
            "ebitda": "294000000",
            "netIncome": "-30000000"
        },
        {
            "fiscalDateEnding": "2020-03-31",
            "reportedCurrency": "USD",
            "grossProfit": "-1000000",
            "totalRevenue": "1460000000",
            "costOfRevenue": "1461000000",
            "costofGoodsAndServicesSold": "324000000",
            "operatingIncome": "177000000",
            "sellingGeneralAndAdministrative": "202000000",
            "researchAndDevelopment": "None",
            "operatingExpenses": "740000000",
            "investmentIncomeNet": "1000000",
            "netInterestIncome": "-94000000",
            "interestIncome": "-11000000",
            "interestExpense": "83000000",
            "nonInterestIncome": "1553000000",
            "otherNonOperatingIncome": "-1000000",
            "depreciation": "None",
            "depreciationAndAmortization": "214000000",
            "incomeBeforeTax": "7000000",
            "incomeTaxExpense": "25000000",
            "interestAndDebtExpense": "94000000",
            "netIncomeFromContinuingOperations": "-13000000",
            "comprehensiveIncomeNetOfTax": "-143000000",
            "ebit": "90000000",
            "ebitda": "304000000",
            "netIncome": "-18000000"
        },
        {
            "fiscalDateEnding": "2019-12-31",
            "reportedCurrency": "USD",
            "grossProfit": "1691000000",
            "totalRevenue": "1691000000",
            "costOfRevenue": "1637000000",
            "costofGoodsAndServicesSold": "734000000",
            "operatingIncome": "224000000",
            "sellingGeneralAndAdministrative": "499000000",
            "researchAndDevelopment": "None",
            "operatingExpenses": "903000000",
            "investmentIncomeNet": "2000000",
            "netInterestIncome": "-98000000",
            "interestIncome": "2000000",
            "interestExpense": "98000000",
            "nonInterestIncome": "1691000000",
            "otherNonOperatingIncome": "-171000000",
            "depreciation": "None",
            "depreciationAndAmortization": "206000000",
            "incomeBeforeTax": "-44000000",
            "incomeTaxExpense": "65000000",
            "interestAndDebtExpense": "100000000",
            "netIncomeFromContinuingOperations": "-43000000",
            "comprehensiveIncomeNetOfTax": "52000000",
            "ebit": "54000000",
            "ebitda": "260000000",
            "netIncome": "-109000000"
        },
        {
            "fiscalDateEnding": "2019-09-30",
            "reportedCurrency": "USD",
            "grossProfit": "158000000",
            "totalRevenue": "1510000000",
            "costOfRevenue": "1352000000",
            "costofGoodsAndServicesSold": "694000000",
            "operatingIncome": "-740000000",
            "sellingGeneralAndAdministrative": "467000000",
            "researchAndDevelopment": "None",
            "operatingExpenses": "658000000",
            "investmentIncomeNet": "1000000",
            "netInterestIncome": "-100000000",
            "interestIncome": "1000000",
            "interestExpense": "100000000",
            "nonInterestIncome": "1610000000",
            "otherNonOperatingIncome": "-3000000",
            "depreciation": "None",
            "depreciationAndAmortization": "186000000",
            "incomeBeforeTax": "-852000000",
            "incomeTaxExpense": "-380000000",
            "interestAndDebtExpense": "100000000",
            "netIncomeFromContinuingOperations": "-468000000",
            "comprehensiveIncomeNetOfTax": "-523000000",
            "ebit": "-752000000",
            "ebitda": "-566000000",
            "netIncome": "-472000000"
        },
        {
            "fiscalDateEnding": "2019-06-30",
            "reportedCurrency": "USD",
            "grossProfit": "148000000",
            "totalRevenue": "1527000000",
            "costOfRevenue": "1379000000",
            "costofGoodsAndServicesSold": "699000000",
            "operatingIncome": "249000000",
            "sellingGeneralAndAdministrative": "483000000",
            "researchAndDevelopment": "None",
            "operatingExpenses": "680000000",
            "investmentIncomeNet": "1000000",
            "netInterestIncome": "-100000000",
            "interestIncome": "1000000",
            "interestExpense": "100000000",
            "nonInterestIncome": "1627000000",
            "otherNonOperatingIncome": "0",
            "depreciation": "None",
            "depreciationAndAmortization": "185000000",
            "incomeBeforeTax": "146000000",
            "incomeTaxExpense": "23000000",
            "interestAndDebtExpense": "100000000",
            "netIncomeFromContinuingOperations": "126000000",
            "comprehensiveIncomeNetOfTax": "112000000",
            "ebit": "246000000",
            "ebitda": "431000000",
            "netIncome": "123000000"
        },
        {
            "fiscalDateEnding": "2019-03-31",
            "reportedCurrency": "USD",
            "grossProfit": "72000000",
            "totalRevenue": "1461000000",
            "costOfRevenue": "1389000000",
            "costofGoodsAndServicesSold": "695000000",
            "operatingIncome": "174000000",
            "sellingGeneralAndAdministrative": "480000000",
            "researchAndDevelopment": "None",
            "operatingExpenses": "694000000",
            "investmentIncomeNet": "2000000",
            "netInterestIncome": "-99000000",
            "interestIncome": "-100000000",
            "interestExpense": "99000000",
            "nonInterestIncome": "1560000000",
            "otherNonOperatingIncome": "5000000",
            "depreciation": "None",
            "depreciationAndAmortization": "179000000",
            "incomeBeforeTax": "75000000",
            "incomeTaxExpense": "32000000",
            "interestAndDebtExpense": "99000000",
            "netIncomeFromContinuingOperations": "47000000",
            "comprehensiveIncomeNetOfTax": "49000000",
            "ebit": "174000000",
            "ebitda": "353000000",
            "netIncome": "43000000"
        },
        {
            "fiscalDateEnding": "2018-12-31",
            "reportedCurrency": "USD",
            "grossProfit": "1658000000",
            "totalRevenue": "1658000000",
            "costOfRevenue": "2828000000",
            "costofGoodsAndServicesSold": "707000000",
            "operatingIncome": "-1171000000",
            "sellingGeneralAndAdministrative": "507000000",
            "researchAndDevelopment": "None",
            "operatingExpenses": "2121000000",
            "investmentIncomeNet": "2000000",
            "netInterestIncome": "-99000000",
            "interestIncome": "None",
            "interestExpense": "99000000",
            "nonInterestIncome": "1658000000",
            "otherNonOperatingIncome": "-2000000",
            "depreciation": "None",
            "depreciationAndAmortization": "171000000",
            "incomeBeforeTax": "-1276000000",
            "incomeTaxExpense": "-324000000",
            "interestAndDebtExpense": "99000000",
            "netIncomeFromContinuingOperations": "-1274000000",
            "comprehensiveIncomeNetOfTax": "-1052000000",
            "ebit": "-1177000000",
            "ebitda": "-1006000000",
            "netIncome": "-952000000"
        },
        {
            "fiscalDateEnding": "2018-09-30",
            "reportedCurrency": "USD",
            "grossProfit": "154000000",
            "totalRevenue": "1493000000",
            "costOfRevenue": "1339000000",
            "costofGoodsAndServicesSold": "681000000",
            "operatingIncome": "261000000",
            "sellingGeneralAndAdministrative": "464000000",
            "researchAndDevelopment": "None",
            "operatingExpenses": "658000000",
            "investmentIncomeNet": "2000000",
            "netInterestIncome": "-99000000",
            "interestIncome": "None",
            "interestExpense": "99000000",
            "nonInterestIncome": "1592000000",
            "otherNonOperatingIncome": "1000000",
            "depreciation": "None",
            "depreciationAndAmortization": "175000000",
            "incomeBeforeTax": "155000000",
            "incomeTaxExpense": "59000000",
            "interestAndDebtExpense": "99000000",
            "netIncomeFromContinuingOperations": "98000000",
            "comprehensiveIncomeNetOfTax": "101000000",
            "ebit": "254000000",
            "ebitda": "429000000",
            "netIncome": "96000000"
        },
        {
            "fiscalDateEnding": "2018-06-30",
            "reportedCurrency": "USD",
            "grossProfit": "124000000",
            "totalRevenue": "1543000000",
            "costOfRevenue": "1419000000",
            "costofGoodsAndServicesSold": "698000000",
            "operatingIncome": "228000000",
            "sellingGeneralAndAdministrative": "494000000",
            "researchAndDevelopment": "None",
            "operatingExpenses": "721000000",
            "investmentIncomeNet": "2000000",
            "netInterestIncome": "-100000000",
            "interestIncome": "None",
            "interestExpense": "100000000",
            "nonInterestIncome": "1643000000",
            "otherNonOperatingIncome": "-5000000",
            "depreciation": "None",
            "depreciationAndAmortization": "162000000",
            "incomeBeforeTax": "116000000",
            "incomeTaxExpense": "44000000",
            "interestAndDebtExpense": "100000000",
            "netIncomeFromContinuingOperations": "76000000",
            "comprehensiveIncomeNetOfTax": "-57000000",
            "ebit": "216000000",
            "ebitda": "378000000",
            "netIncome": "72000000"
        },
        {
            "fiscalDateEnding": "2018-03-31",
            "reportedCurrency": "USD",
            "grossProfit": "891000000",
            "totalRevenue": "1610000000",
            "costOfRevenue": "719000000",
            "costofGoodsAndServicesSold": "719000000",
            "operatingIncome": "207000000",
            "sellingGeneralAndAdministrative": "493000000",
            "researchAndDevelopment": "None",
            "operatingExpenses": "684000000",
            "investmentIncomeNet": "2000000",
            "netInterestIncome": "-96000000",
            "interestIncome": "None",
            "interestExpense": "96000000",
            "nonInterestIncome": "1610000000",
            "otherNonOperatingIncome": "1000000",
            "depreciation": "None",
            "depreciationAndAmortization": "167000000",
            "incomeBeforeTax": "-121000000",
            "incomeTaxExpense": "-193000000",
            "interestAndDebtExpense": "96000000",
            "netIncomeFromContinuingOperations": "75000000",
            "comprehensiveIncomeNetOfTax": "126000000",
            "ebit": "-25000000",
            "ebitda": "142000000",
            "netIncome": "72000000"
        },
        {
            "fiscalDateEnding": "2017-12-31",
            "reportedCurrency": "USD",
            "grossProfit": "1027000000",
            "totalRevenue": "1761000000",
            "costOfRevenue": "734000000",
            "costofGoodsAndServicesSold": "734000000",
            "operatingIncome": "354000000",
            "sellingGeneralAndAdministrative": "478000000",
            "researchAndDevelopment": "None",
            "operatingExpenses": "671000000",
            "investmentIncomeNet": "1000000",
            "netInterestIncome": "-97000000",
            "interestIncome": "None",
            "interestExpense": "97000000",
            "nonInterestIncome": "1761000000",
            "otherNonOperatingIncome": "-11000000",
            "depreciation": "None",
            "depreciationAndAmortization": "163000000",
            "incomeBeforeTax": "243000000",
            "incomeTaxExpense": "162000000",
            "interestAndDebtExpense": "97000000",
            "netIncomeFromContinuingOperations": "246000000",
            "comprehensiveIncomeNetOfTax": "120000000",
            "ebit": "340000000",
            "ebitda": "503000000",
            "netIncome": "81000000"
        },
        {
            "fiscalDateEnding": "2017-09-30",
            "reportedCurrency": "USD",
            "grossProfit": "949000000",
            "totalRevenue": "1641000000",
            "costOfRevenue": "692000000",
            "costofGoodsAndServicesSold": "692000000",
            "operatingIncome": "334000000",
            "sellingGeneralAndAdministrative": "448000000",
            "researchAndDevelopment": "None",
            "operatingExpenses": "612000000",
            "investmentIncomeNet": "1000000",
            "netInterestIncome": "-95000000",
            "interestIncome": "None",
            "interestExpense": "95000000",
            "nonInterestIncome": "1641000000",
            "otherNonOperatingIncome": "2000000",
            "depreciation": "None",
            "depreciationAndAmortization": "160000000",
            "incomeBeforeTax": "238000000",
            "incomeTaxExpense": "92000000",
            "interestAndDebtExpense": "95000000",
            "netIncomeFromContinuingOperations": "150000000",
            "comprehensiveIncomeNetOfTax": "218000000",
            "ebit": "333000000",
            "ebitda": "493000000",
            "netIncome": "146000000"
        },
        {
            "fiscalDateEnding": "2017-06-30",
            "reportedCurrency": "USD",
            "grossProfit": "966000000",
            "totalRevenue": "1644000000",
            "costOfRevenue": "678000000",
            "costofGoodsAndServicesSold": "678000000",
            "operatingIncome": "321000000",
            "sellingGeneralAndAdministrative": "474000000",
            "researchAndDevelopment": "None",
            "operatingExpenses": "642000000",
            "investmentIncomeNet": "1000000",
            "netInterestIncome": "-92000000",
            "interestIncome": "None",
            "interestExpense": "92000000",
            "nonInterestIncome": "-7000000",
            "otherNonOperatingIncome": "1000000",
            "depreciation": "None",
            "depreciationAndAmortization": "162000000",
            "incomeBeforeTax": "222000000",
            "incomeTaxExpense": "91000000",
            "interestAndDebtExpense": "92000000",
            "netIncomeFromContinuingOperations": "133000000",
            "comprehensiveIncomeNetOfTax": "214000000",
            "ebit": "314000000",
            "ebitda": "476000000",
            "netIncome": "131000000"
        },
        {
            "fiscalDateEnding": "2017-03-31",
            "reportedCurrency": "USD",
            "grossProfit": "865000000",
            "totalRevenue": "1526000000",
            "costOfRevenue": "661000000",
            "costofGoodsAndServicesSold": "661000000",
            "operatingIncome": "205000000",
            "sellingGeneralAndAdministrative": "473000000",
            "researchAndDevelopment": "None",
            "operatingExpenses": "658000000",
            "investmentIncomeNet": "1000000",
            "netInterestIncome": "-90000000",
            "interestIncome": "None",
            "interestExpense": "90000000",
            "nonInterestIncome": "-2000000",
            "otherNonOperatingIncome": "2000000",
            "depreciation": "None",
            "depreciationAndAmortization": "155000000",
            "incomeBeforeTax": "114000000",
            "incomeTaxExpense": "43000000",
            "interestAndDebtExpense": "90000000",
            "netIncomeFromContinuingOperations": "73000000",
            "comprehensiveIncomeNetOfTax": "148000000",
            "ebit": "204000000",
            "ebitda": "359000000",
            "netIncome": "71000000"
        }
    ]
}