{
    "symbol": "NXPI",
    "annualReports": [
        {
            "fiscalDateEnding": "2021-12-31",
            "reportedCurrency": "USD",
            "grossProfit": "6067000000",
            "totalRevenue": "11063000000",
            "costOfRevenue": "4996000000",
            "costofGoodsAndServicesSold": "4996000000",
            "operatingIncome": "2583000000",
            "sellingGeneralAndAdministrative": "956000000",
            "researchAndDevelopment": "1936000000",
            "operatingExpenses": "3484000000",
            "investmentIncomeNet": "None",
            "netInterestIncome": "-365000000",
            "interestIncome": "4000000",
            "interestExpense": "369000000",
            "nonInterestIncome": "11047000000",
            "otherNonOperatingIncome": "-403000000",
            "depreciation": "551000000",
            "depreciationAndAmortization": "1262000000",
            "incomeBeforeTax": "2143000000",
            "incomeTaxExpense": "272000000",
            "interestAndDebtExpense": "391000000",
            "netIncomeFromContinuingOperations": "1906000000",
            "comprehensiveIncomeNetOfTax": "1802000000",
            "ebit": "2512000000",
            "ebitda": "3774000000",
            "netIncome": "1871000000"
        },
        {
            "fiscalDateEnding": "2020-12-31",
            "reportedCurrency": "USD",
            "grossProfit": "4235000000",
            "totalRevenue": "8612000000",
            "costOfRevenue": "4377000000",
            "costofGoodsAndServicesSold": "4377000000",
            "operatingIncome": "418000000",
            "sellingGeneralAndAdministrative": "879000000",
            "researchAndDevelopment": "1725000000",
            "operatingExpenses": "3931000000",
            "investmentIncomeNet": "None",
            "netInterestIncome": "-349000000",
            "interestIncome": "13000000",
            "interestExpense": "362000000",
            "nonInterestIncome": "8651000000",
            "otherNonOperatingIncome": "-417000000",
            "depreciation": "547000000",
            "depreciationAndAmortization": "1988000000",
            "incomeBeforeTax": "-31000000",
            "incomeTaxExpense": "-83000000",
            "interestAndDebtExpense": "422000000",
            "netIncomeFromContinuingOperations": "80000000",
            "comprehensiveIncomeNetOfTax": "94000000",
            "ebit": "331000000",
            "ebitda": "2319000000",
            "netIncome": "52000000"
        },
        {
            "fiscalDateEnding": "2019-12-31",
            "reportedCurrency": "USD",
            "grossProfit": "4618000000",
            "totalRevenue": "8877000000",
            "costOfRevenue": "4259000000",
            "costofGoodsAndServicesSold": "4259000000",
            "operatingIncome": "641000000",
            "sellingGeneralAndAdministrative": "924000000",
            "researchAndDevelopment": "1643000000",
            "operatingExpenses": "4002000000",
            "investmentIncomeNet": "None",
            "netInterestIncome": "-313000000",
            "interestIncome": "57000000",
            "interestExpense": "370000000",
            "nonInterestIncome": "8871000000",
            "otherNonOperatingIncome": "-350000000",
            "depreciation": "518000000",
            "depreciationAndAmortization": "2047000000",
            "incomeBeforeTax": "263000000",
            "incomeTaxExpense": "20000000",
            "interestAndDebtExpense": "381000000",
            "netIncomeFromContinuingOperations": "272000000",
            "comprehensiveIncomeNetOfTax": "195000000",
            "ebit": "633000000",
            "ebitda": "2680000000",
            "netIncome": "243000000"
        },
        {
            "fiscalDateEnding": "2018-12-31",
            "reportedCurrency": "USD",
            "grossProfit": "4851000000",
            "totalRevenue": "9407000000",
            "costOfRevenue": "4556000000",
            "costofGoodsAndServicesSold": "4556000000",
            "operatingIncome": "2710000000",
            "sellingGeneralAndAdministrative": "993000000",
            "researchAndDevelopment": "1700000000",
            "operatingExpenses": "4142000000",
            "investmentIncomeNet": "None",
            "netInterestIncome": "-225000000",
            "interestIncome": "48000000",
            "interestExpense": "273000000",
            "nonInterestIncome": "9367000000",
            "otherNonOperatingIncome": "-335000000",
            "depreciation": "478000000",
            "depreciationAndAmortization": "1987000000",
            "incomeBeforeTax": "2384000000",
            "incomeTaxExpense": "176000000",
            "interestAndDebtExpense": "299000000",
            "netIncomeFromContinuingOperations": "2258000000",
            "comprehensiveIncomeNetOfTax": "2154000000",
            "ebit": "2657000000",
            "ebitda": "4644000000",
            "netIncome": "2208000000"
        },
        {
            "fiscalDateEnding": "2017-12-31",
            "reportedCurrency": "USD",
            "grossProfit": "4619000000",
            "totalRevenue": "9256000000",
            "costOfRevenue": "4637000000",
            "costofGoodsAndServicesSold": "4637000000",
            "operatingIncome": "2102000000",
            "sellingGeneralAndAdministrative": "1090000000",
            "researchAndDevelopment": "1554000000",
            "operatingExpenses": "4092000000",
            "investmentIncomeNet": "None",
            "netInterestIncome": "-283000000",
            "interestIncome": "27000000",
            "interestExpense": "310000000",
            "nonInterestIncome": "1544000000",
            "otherNonOperatingIncome": "-366000000",
            "depreciation": "611000000",
            "depreciationAndAmortization": "2173000000",
            "incomeBeforeTax": "1732000000",
            "incomeTaxExpense": "-483000000",
            "interestAndDebtExpense": "351000000",
            "netIncomeFromContinuingOperations": "2236000000",
            "comprehensiveIncomeNetOfTax": "2358000000",
            "ebit": "2042000000",
            "ebitda": "4215000000",
            "netIncome": "2215000000"
        }
    ],
    "quarterlyReports": [
        {
            "fiscalDateEnding": "2021-12-31",
            "reportedCurrency": "USD",
            "grossProfit": "1707000000",
            "totalRevenue": "3039000000",
            "costOfRevenue": "1332000000",
            "costofGoodsAndServicesSold": "1332000000",
            "operatingIncome": "807000000",
            "sellingGeneralAndAdministrative": "257000000",
            "researchAndDevelopment": "507000000",
            "operatingExpenses": "900000000",
            "investmentIncomeNet": "None",
            "netInterestIncome": "-101000000",
            "interestIncome": "None",
            "interestExpense": "96000000",
            "nonInterestIncome": "None",
            "otherNonOperatingIncome": "-123000000",
            "depreciation": "145000000",
            "depreciationAndAmortization": "310000000",
            "incomeBeforeTax": "674000000",
            "incomeTaxExpense": "72000000",
            "interestAndDebtExpense": "None",
            "netIncomeFromContinuingOperations": "610000000",
            "comprehensiveIncomeNetOfTax": "605000000",
            "ebit": "770000000",
            "ebitda": "1080000000",
            "netIncome": "602000000"
        },
        {
            "fiscalDateEnding": "2021-09-30",
            "reportedCurrency": "USD",
            "grossProfit": "1583000000",
            "totalRevenue": "2861000000",
            "costOfRevenue": "1278000000",
            "costofGoodsAndServicesSold": "1278000000",
            "operatingIncome": "711000000",
            "sellingGeneralAndAdministrative": "243000000",
            "researchAndDevelopment": "492000000",
            "operatingExpenses": "872000000",
            "investmentIncomeNet": "None",
            "netInterestIncome": "-96000000",
            "interestIncome": "1000000",
            "interestExpense": "96000000",
            "nonInterestIncome": "None",
            "otherNonOperatingIncome": "-93000000",
            "depreciation": "139000000",
            "depreciationAndAmortization": "306000000",
            "incomeBeforeTax": "614000000",
            "incomeTaxExpense": "95000000",
            "interestAndDebtExpense": "None",
            "netIncomeFromContinuingOperations": "526000000",
            "comprehensiveIncomeNetOfTax": "494000000",
            "ebit": "710000000",
            "ebitda": "1016000000",
            "netIncome": "519000000"
        },
        {
            "fiscalDateEnding": "2021-06-30",
            "reportedCurrency": "USD",
            "grossProfit": "1422000000",
            "totalRevenue": "2596000000",
            "costOfRevenue": "1174000000",
            "costofGoodsAndServicesSold": "1174000000",
            "operatingIncome": "573000000",
            "sellingGeneralAndAdministrative": "234000000",
            "researchAndDevelopment": "476000000",
            "operatingExpenses": "849000000",
            "investmentIncomeNet": "None",
            "netInterestIncome": "-99000000",
            "interestIncome": "1000000",
            "interestExpense": "90000000",
            "nonInterestIncome": "None",
            "otherNonOperatingIncome": "-100000000",
            "depreciation": "135000000",
            "depreciationAndAmortization": "305000000",
            "incomeBeforeTax": "462000000",
            "incomeTaxExpense": "65000000",
            "interestAndDebtExpense": "None",
            "netIncomeFromContinuingOperations": "406000000",
            "comprehensiveIncomeNetOfTax": "406000000",
            "ebit": "552000000",
            "ebitda": "857000000",
            "netIncome": "397000000"
        },
        {
            "fiscalDateEnding": "2021-03-31",
            "reportedCurrency": "USD",
            "grossProfit": "1355000000",
            "totalRevenue": "2567000000",
            "costOfRevenue": "1212000000",
            "costofGoodsAndServicesSold": "1212000000",
            "operatingIncome": "492000000",
            "sellingGeneralAndAdministrative": "222000000",
            "researchAndDevelopment": "461000000",
            "operatingExpenses": "863000000",
            "investmentIncomeNet": "None",
            "netInterestIncome": "-88000000",
            "interestIncome": "1000000",
            "interestExpense": "87000000",
            "nonInterestIncome": "None",
            "otherNonOperatingIncome": "-87000000",
            "depreciation": "132000000",
            "depreciationAndAmortization": "341000000",
            "incomeBeforeTax": "393000000",
            "incomeTaxExpense": "40000000",
            "interestAndDebtExpense": "None",
            "netIncomeFromContinuingOperations": "364000000",
            "comprehensiveIncomeNetOfTax": "297000000",
            "ebit": "480000000",
            "ebitda": "821000000",
            "netIncome": "353000000"
        },
        {
            "fiscalDateEnding": "2020-12-31",
            "reportedCurrency": "USD",
            "grossProfit": "1288000000",
            "totalRevenue": "2507000000",
            "costOfRevenue": "1219000000",
            "costofGoodsAndServicesSold": "1219000000",
            "operatingIncome": "463000000",
            "sellingGeneralAndAdministrative": "221000000",
            "researchAndDevelopment": "460000000",
            "operatingExpenses": "829000000",
            "investmentIncomeNet": "None",
            "netInterestIncome": "-84000000",
            "interestIncome": "2000000",
            "interestExpense": "86000000",
            "nonInterestIncome": "2441000000",
            "otherNonOperatingIncome": "-137000000",
            "depreciation": "139000000",
            "depreciationAndAmortization": "316000000",
            "incomeBeforeTax": "314000000",
            "incomeTaxExpense": "5000000",
            "interestAndDebtExpense": "146000000",
            "netIncomeFromContinuingOperations": "317000000",
            "comprehensiveIncomeNetOfTax": "336000000",
            "ebit": "400000000",
            "ebitda": "716000000",
            "netIncome": "309000000"
        },
        {
            "fiscalDateEnding": "2020-09-30",
            "reportedCurrency": "USD",
            "grossProfit": "1090000000",
            "totalRevenue": "2267000000",
            "costOfRevenue": "1177000000",
            "costofGoodsAndServicesSold": "1177000000",
            "operatingIncome": "32000000",
            "sellingGeneralAndAdministrative": "203000000",
            "researchAndDevelopment": "438000000",
            "operatingExpenses": "1059000000",
            "investmentIncomeNet": "None",
            "netInterestIncome": "-97000000",
            "interestIncome": "3000000",
            "interestExpense": "100000000",
            "nonInterestIncome": "2262000000",
            "otherNonOperatingIncome": "-106000000",
            "depreciation": "139000000",
            "depreciationAndAmortization": "589000000",
            "incomeBeforeTax": "-79000000",
            "incomeTaxExpense": "-57000000",
            "interestAndDebtExpense": "100000000",
            "netIncomeFromContinuingOperations": "-17000000",
            "comprehensiveIncomeNetOfTax": "18000000",
            "ebit": "21000000",
            "ebitda": "610000000",
            "netIncome": "-22000000"
        },
        {
            "fiscalDateEnding": "2020-06-30",
            "reportedCurrency": "USD",
            "grossProfit": "860000000",
            "totalRevenue": "1817000000",
            "costOfRevenue": "957000000",
            "costofGoodsAndServicesSold": "957000000",
            "operatingIncome": "-145000000",
            "sellingGeneralAndAdministrative": "222000000",
            "researchAndDevelopment": "402000000",
            "operatingExpenses": "1004000000",
            "investmentIncomeNet": "None",
            "netInterestIncome": "-90000000",
            "interestIncome": "4000000",
            "interestExpense": "94000000",
            "nonInterestIncome": "1812000000",
            "otherNonOperatingIncome": "-96000000",
            "depreciation": "136000000",
            "depreciationAndAmortization": "543000000",
            "incomeBeforeTax": "-247000000",
            "incomeTaxExpense": "-33000000",
            "interestAndDebtExpense": "94000000",
            "netIncomeFromContinuingOperations": "-208000000",
            "comprehensiveIncomeNetOfTax": "-178000000",
            "ebit": "-153000000",
            "ebitda": "390000000",
            "netIncome": "-214000000"
        },
        {
            "fiscalDateEnding": "2020-03-31",
            "reportedCurrency": "USD",
            "grossProfit": "997000000",
            "totalRevenue": "2021000000",
            "costOfRevenue": "1024000000",
            "costofGoodsAndServicesSold": "1021000000",
            "operatingIncome": "68000000",
            "sellingGeneralAndAdministrative": "233000000",
            "researchAndDevelopment": "425000000",
            "operatingExpenses": "1039000000",
            "investmentIncomeNet": "None",
            "netInterestIncome": "-78000000",
            "interestIncome": "4000000",
            "interestExpense": "82000000",
            "nonInterestIncome": "2135000000",
            "otherNonOperatingIncome": "-78000000",
            "depreciation": "133000000",
            "depreciationAndAmortization": "540000000",
            "incomeBeforeTax": "-19000000",
            "incomeTaxExpense": "2000000",
            "interestAndDebtExpense": "82000000",
            "netIncomeFromContinuingOperations": "-12000000",
            "comprehensiveIncomeNetOfTax": "-82000000",
            "ebit": "63000000",
            "ebitda": "603000000",
            "netIncome": "-21000000"
        },
        {
            "fiscalDateEnding": "2019-12-31",
            "reportedCurrency": "USD",
            "grossProfit": "1209000000",
            "totalRevenue": "2301000000",
            "costOfRevenue": "1092000000",
            "costofGoodsAndServicesSold": "1092000000",
            "operatingIncome": "197000000",
            "sellingGeneralAndAdministrative": "225000000",
            "researchAndDevelopment": "424000000",
            "operatingExpenses": "1014000000",
            "investmentIncomeNet": "None",
            "netInterestIncome": "-81000000",
            "interestIncome": "15000000",
            "interestExpense": "96000000",
            "nonInterestIncome": "2292000000",
            "otherNonOperatingIncome": "-93000000",
            "depreciation": "131000000",
            "depreciationAndAmortization": "522000000",
            "incomeBeforeTax": "94000000",
            "incomeTaxExpense": "-20000000",
            "interestAndDebtExpense": "96000000",
            "netIncomeFromContinuingOperations": "125000000",
            "comprehensiveIncomeNetOfTax": "122000000",
            "ebit": "190000000",
            "ebitda": "712000000",
            "netIncome": "114000000"
        },
        {
            "fiscalDateEnding": "2019-09-30",
            "reportedCurrency": "USD",
            "grossProfit": "1186000000",
            "totalRevenue": "2265000000",
            "costOfRevenue": "1079000000",
            "costofGoodsAndServicesSold": "1079000000",
            "operatingIncome": "233000000",
            "sellingGeneralAndAdministrative": "221000000",
            "researchAndDevelopment": "396000000",
            "operatingExpenses": "975000000",
            "investmentIncomeNet": "None",
            "netInterestIncome": "-81000000",
            "interestIncome": "17000000",
            "interestExpense": "98000000",
            "nonInterestIncome": "2265000000",
            "otherNonOperatingIncome": "-85000000",
            "depreciation": "135000000",
            "depreciationAndAmortization": "517000000",
            "incomeBeforeTax": "137000000",
            "incomeTaxExpense": "28000000",
            "interestAndDebtExpense": "99000000",
            "netIncomeFromContinuingOperations": "120000000",
            "comprehensiveIncomeNetOfTax": "58000000",
            "ebit": "235000000",
            "ebitda": "752000000",
            "netIncome": "109000000"
        },
        {
            "fiscalDateEnding": "2019-06-30",
            "reportedCurrency": "USD",
            "grossProfit": "1151000000",
            "totalRevenue": "2217000000",
            "costOfRevenue": "1066000000",
            "costofGoodsAndServicesSold": "1066000000",
            "operatingIncome": "157000000",
            "sellingGeneralAndAdministrative": "230000000",
            "researchAndDevelopment": "408000000",
            "operatingExpenses": "993000000",
            "investmentIncomeNet": "None",
            "netInterestIncome": "-77000000",
            "interestIncome": "12000000",
            "interestExpense": "89000000",
            "nonInterestIncome": "2206000000",
            "otherNonOperatingIncome": "-89000000",
            "depreciation": "128000000",
            "depreciationAndAmortization": "506000000",
            "incomeBeforeTax": "62000000",
            "incomeTaxExpense": "21000000",
            "interestAndDebtExpense": "99000000",
            "netIncomeFromContinuingOperations": "47000000",
            "comprehensiveIncomeNetOfTax": "50000000",
            "ebit": "151000000",
            "ebitda": "657000000",
            "netIncome": "41000000"
        },
        {
            "fiscalDateEnding": "2019-03-31",
            "reportedCurrency": "USD",
            "grossProfit": "1072000000",
            "totalRevenue": "2094000000",
            "costOfRevenue": "1022000000",
            "costofGoodsAndServicesSold": "1022000000",
            "operatingIncome": "54000000",
            "sellingGeneralAndAdministrative": "248000000",
            "researchAndDevelopment": "415000000",
            "operatingExpenses": "1020000000",
            "investmentIncomeNet": "None",
            "netInterestIncome": "-74000000",
            "interestIncome": "13000000",
            "interestExpense": "87000000",
            "nonInterestIncome": "2088000000",
            "otherNonOperatingIncome": "-83000000",
            "depreciation": "124000000",
            "depreciationAndAmortization": "502000000",
            "incomeBeforeTax": "-30000000",
            "incomeTaxExpense": "-9000000",
            "interestAndDebtExpense": "87000000",
            "netIncomeFromContinuingOperations": "-20000000",
            "comprehensiveIncomeNetOfTax": "-35000000",
            "ebit": "57000000",
            "ebitda": "559000000",
            "netIncome": "-21000000"
        },
        {
            "fiscalDateEnding": "2018-12-31",
            "reportedCurrency": "USD",
            "grossProfit": "1243000000",
            "totalRevenue": "2403000000",
            "costOfRevenue": "1160000000",
            "costofGoodsAndServicesSold": "1160000000",
            "operatingIncome": "224000000",
            "sellingGeneralAndAdministrative": "251000000",
            "researchAndDevelopment": "403000000",
            "operatingExpenses": "1018000000",
            "investmentIncomeNet": "None",
            "netInterestIncome": "-66000000",
            "interestIncome": "10000000",
            "interestExpense": "76000000",
            "nonInterestIncome": "2390000000",
            "otherNonOperatingIncome": "-77000000",
            "depreciation": "124000000",
            "depreciationAndAmortization": "503000000",
            "incomeBeforeTax": "135000000",
            "incomeTaxExpense": "-141000000",
            "interestAndDebtExpense": "76000000",
            "netIncomeFromContinuingOperations": "347000000",
            "comprehensiveIncomeNetOfTax": "273000000",
            "ebit": "211000000",
            "ebitda": "714000000",
            "netIncome": "276000000"
        },
        {
            "fiscalDateEnding": "2018-09-30",
            "reportedCurrency": "USD",
            "grossProfit": "1256000000",
            "totalRevenue": "2445000000",
            "costOfRevenue": "1189000000",
            "costofGoodsAndServicesSold": "1189000000",
            "operatingIncome": "2211000000",
            "sellingGeneralAndAdministrative": "252000000",
            "researchAndDevelopment": "433000000",
            "operatingExpenses": "1047000000",
            "investmentIncomeNet": "None",
            "netInterestIncome": "-48000000",
            "interestIncome": "13000000",
            "interestExpense": "61000000",
            "nonInterestIncome": "2444000000",
            "otherNonOperatingIncome": "-119000000",
            "depreciation": "119000000",
            "depreciationAndAmortization": "362000000",
            "incomeBeforeTax": "2131000000",
            "incomeTaxExpense": "311000000",
            "interestAndDebtExpense": "61000000",
            "netIncomeFromContinuingOperations": "1781000000",
            "comprehensiveIncomeNetOfTax": "1826000000",
            "ebit": "2192000000",
            "ebitda": "2554000000",
            "netIncome": "1820000000"
        },
        {
            "fiscalDateEnding": "2018-06-30",
            "reportedCurrency": "USD",
            "grossProfit": "1180000000",
            "totalRevenue": "2290000000",
            "costOfRevenue": "1110000000",
            "costofGoodsAndServicesSold": "1110000000",
            "operatingIncome": "137000000",
            "sellingGeneralAndAdministrative": "228000000",
            "researchAndDevelopment": "438000000",
            "operatingExpenses": "1043000000",
            "investmentIncomeNet": "None",
            "netInterestIncome": "None",
            "interestIncome": "None",
            "interestExpense": "61000000",
            "nonInterestIncome": "None",
            "otherNonOperatingIncome": "None",
            "depreciation": "None",
            "depreciationAndAmortization": "496000000",
            "incomeBeforeTax": "66000000",
            "incomeTaxExpense": "4000000",
            "interestAndDebtExpense": "None",
            "netIncomeFromContinuingOperations": "66000000",
            "comprehensiveIncomeNetOfTax": "66000000",
            "ebit": "119000000",
            "ebitda": "615000000",
            "netIncome": "66000000"
        },
        {
            "fiscalDateEnding": "2018-03-31",
            "reportedCurrency": "USD",
            "grossProfit": "1172000000",
            "totalRevenue": "2269000000",
            "costOfRevenue": "1097000000",
            "costofGoodsAndServicesSold": "1097000000",
            "operatingIncome": "138000000",
            "sellingGeneralAndAdministrative": "222000000",
            "researchAndDevelopment": "426000000",
            "operatingExpenses": "1034000000",
            "investmentIncomeNet": "None",
            "netInterestIncome": "None",
            "interestIncome": "None",
            "interestExpense": "75000000",
            "nonInterestIncome": "None",
            "otherNonOperatingIncome": "None",
            "depreciation": "None",
            "depreciationAndAmortization": "491000000",
            "incomeBeforeTax": "70000000",
            "incomeTaxExpense": "2000000",
            "interestAndDebtExpense": "None",
            "netIncomeFromContinuingOperations": "70000000",
            "comprehensiveIncomeNetOfTax": "70000000",
            "ebit": "135000000",
            "ebitda": "626000000",
            "netIncome": "70000000"
        }
    ]
}