{
    "symbol": "OTIS",
    "annualReports": [
        {
            "fiscalDateEnding": "2021-12-31",
            "reportedCurrency": "USD",
            "grossProfit": "12060000000",
            "totalRevenue": "14162000000",
            "costOfRevenue": "2102000000",
            "costofGoodsAndServicesSold": "10105000000",
            "operatingIncome": "2108000000",
            "sellingGeneralAndAdministrative": "1948000000",
            "researchAndDevelopment": "159000000",
            "operatingExpenses": "2250000000",
            "investmentIncomeNet": "None",
            "netInterestIncome": "-136000000",
            "interestIncome": "None",
            "interestExpense": "136000000",
            "nonInterestIncome": "14298000000",
            "otherNonOperatingIncome": "None",
            "depreciation": "116000000",
            "depreciationAndAmortization": "87000000",
            "incomeBeforeTax": "1787000000",
            "incomeTaxExpense": "541000000",
            "interestAndDebtExpense": "136000000",
            "netIncomeFromContinuingOperations": "1420000000",
            "comprehensiveIncomeNetOfTax": "1298000000",
            "ebit": "2108000000",
            "ebitda": "2010000000",
            "netIncome": "1246000000"
        },
        {
            "fiscalDateEnding": "2020-12-31",
            "reportedCurrency": "USD",
            "grossProfit": "3779000000",
            "totalRevenue": "12634000000",
            "costOfRevenue": "2169000000",
            "costofGoodsAndServicesSold": "8977000000",
            "operatingIncome": "1639000000",
            "sellingGeneralAndAdministrative": "1924000000",
            "researchAndDevelopment": "152000000",
            "operatingExpenses": "2315000000",
            "investmentIncomeNet": "None",
            "netInterestIncome": "-122000000",
            "interestIncome": "2000000",
            "interestExpense": "124000000",
            "nonInterestIncome": "12756000000",
            "otherNonOperatingIncome": "None",
            "depreciation": "100000000",
            "depreciationAndAmortization": "91000000",
            "incomeBeforeTax": "1361000000",
            "incomeTaxExpense": "455000000",
            "interestAndDebtExpense": "124000000",
            "netIncomeFromContinuingOperations": "1056000000",
            "comprehensiveIncomeNetOfTax": "849000000",
            "ebit": "1639000000",
            "ebitda": "1576000000",
            "netIncome": "906000000"
        }
    ],
    "quarterlyReports": [
        {
            "fiscalDateEnding": "2021-12-31",
            "reportedCurrency": "USD",
            "grossProfit": "2976000000",
            "totalRevenue": "3525000000",
            "costOfRevenue": "549000000",
            "costofGoodsAndServicesSold": "2530000000",
            "operatingIncome": "496000000",
            "sellingGeneralAndAdministrative": "503000000",
            "researchAndDevelopment": "46000000",
            "operatingExpenses": "563000000",
            "investmentIncomeNet": "None",
            "netInterestIncome": "-44000000",
            "interestIncome": "-9000000",
            "interestExpense": "35000000",
            "nonInterestIncome": "3569000000",
            "otherNonOperatingIncome": "None",
            "depreciation": "None",
            "depreciationAndAmortization": "20000000",
            "incomeBeforeTax": "418000000",
            "incomeTaxExpense": "137000000",
            "interestAndDebtExpense": "35000000",
            "netIncomeFromContinuingOperations": "310000000",
            "comprehensiveIncomeNetOfTax": "345000000",
            "ebit": "496000000",
            "ebitda": "473000000",
            "netIncome": "281000000"
        },
        {
            "fiscalDateEnding": "2021-09-30",
            "reportedCurrency": "USD",
            "grossProfit": "3075000000",
            "totalRevenue": "3587000000",
            "costOfRevenue": "512000000",
            "costofGoodsAndServicesSold": "2560000000",
            "operatingIncome": "542000000",
            "sellingGeneralAndAdministrative": "479000000",
            "researchAndDevelopment": "39000000",
            "operatingExpenses": "549000000",
            "investmentIncomeNet": "None",
            "netInterestIncome": "-33000000",
            "interestIncome": "1000000",
            "interestExpense": "34000000",
            "nonInterestIncome": "3620000000",
            "otherNonOperatingIncome": "None",
            "depreciation": "None",
            "depreciationAndAmortization": "22000000",
            "incomeBeforeTax": "459000000",
            "incomeTaxExpense": "128000000",
            "interestAndDebtExpense": "34000000",
            "netIncomeFromContinuingOperations": "379000000",
            "comprehensiveIncomeNetOfTax": "307000000",
            "ebit": "542000000",
            "ebitda": "515000000",
            "netIncome": "331000000"
        },
        {
            "fiscalDateEnding": "2021-06-30",
            "reportedCurrency": "USD",
            "grossProfit": "3155000000",
            "totalRevenue": "3674000000",
            "costOfRevenue": "519000000",
            "costofGoodsAndServicesSold": "2626000000",
            "operatingIncome": "561000000",
            "sellingGeneralAndAdministrative": "484000000",
            "researchAndDevelopment": "39000000",
            "operatingExpenses": "556000000",
            "investmentIncomeNet": "None",
            "netInterestIncome": "-27000000",
            "interestIncome": "7000000",
            "interestExpense": "34000000",
            "nonInterestIncome": "3701000000",
            "otherNonOperatingIncome": "None",
            "depreciation": "None",
            "depreciationAndAmortization": "22000000",
            "incomeBeforeTax": "479000000",
            "incomeTaxExpense": "153000000",
            "interestAndDebtExpense": "34000000",
            "netIncomeFromContinuingOperations": "379000000",
            "comprehensiveIncomeNetOfTax": "346000000",
            "ebit": "561000000",
            "ebitda": "535000000",
            "netIncome": "326000000"
        },
        {
            "fiscalDateEnding": "2021-03-31",
            "reportedCurrency": "USD",
            "grossProfit": "2854000000",
            "totalRevenue": "3376000000",
            "costOfRevenue": "522000000",
            "costofGoodsAndServicesSold": "2389000000",
            "operatingIncome": "509000000",
            "sellingGeneralAndAdministrative": "482000000",
            "researchAndDevelopment": "35000000",
            "operatingExpenses": "555000000",
            "investmentIncomeNet": "None",
            "netInterestIncome": "-32000000",
            "interestIncome": "1000000",
            "interestExpense": "33000000",
            "nonInterestIncome": "3408000000",
            "otherNonOperatingIncome": "None",
            "depreciation": "None",
            "depreciationAndAmortization": "23000000",
            "incomeBeforeTax": "431000000",
            "incomeTaxExpense": "123000000",
            "interestAndDebtExpense": "33000000",
            "netIncomeFromContinuingOperations": "352000000",
            "comprehensiveIncomeNetOfTax": "300000000",
            "ebit": "509000000",
            "ebitda": "487000000",
            "netIncome": "308000000"
        },
        {
            "fiscalDateEnding": "2020-12-31",
            "reportedCurrency": "USD",
            "grossProfit": "1012000000",
            "totalRevenue": "3493000000",
            "costOfRevenue": "614000000",
            "costofGoodsAndServicesSold": "2481000000",
            "operatingIncome": "440000000",
            "sellingGeneralAndAdministrative": "537000000",
            "researchAndDevelopment": "40000000",
            "operatingExpenses": "648000000",
            "investmentIncomeNet": "None",
            "netInterestIncome": "-37000000",
            "interestIncome": "-8000000",
            "interestExpense": "29000000",
            "nonInterestIncome": "3493000000",
            "otherNonOperatingIncome": "None",
            "depreciation": "None",
            "depreciationAndAmortization": "24000000",
            "incomeBeforeTax": "369000000",
            "incomeTaxExpense": "118000000",
            "interestAndDebtExpense": "29000000",
            "netIncomeFromContinuingOperations": "1012000000",
            "comprehensiveIncomeNetOfTax": "255000000",
            "ebit": "440000000",
            "ebitda": "422000000",
            "netIncome": "251000000"
        },
        {
            "fiscalDateEnding": "2020-09-30",
            "reportedCurrency": "USD",
            "grossProfit": "979000000",
            "totalRevenue": "3229000000",
            "costOfRevenue": "525000000",
            "costofGoodsAndServicesSold": "2289000000",
            "operatingIncome": "454000000",
            "sellingGeneralAndAdministrative": "481000000",
            "researchAndDevelopment": "37000000",
            "operatingExpenses": "560000000",
            "investmentIncomeNet": "None",
            "netInterestIncome": "-39000000",
            "interestIncome": "1000000",
            "interestExpense": "40000000",
            "nonInterestIncome": "3268000000",
            "otherNonOperatingIncome": "None",
            "depreciation": "None",
            "depreciationAndAmortization": "22000000",
            "incomeBeforeTax": "369000000",
            "incomeTaxExpense": "103000000",
            "interestAndDebtExpense": "40000000",
            "netIncomeFromContinuingOperations": "310000000",
            "comprehensiveIncomeNetOfTax": "290000000",
            "ebit": "454000000",
            "ebitda": "431000000",
            "netIncome": "266000000"
        },
        {
            "fiscalDateEnding": "2020-06-30",
            "reportedCurrency": "USD",
            "grossProfit": "891000000",
            "totalRevenue": "2988000000",
            "costOfRevenue": "485000000",
            "costofGoodsAndServicesSold": "2138000000",
            "operatingIncome": "416000000",
            "sellingGeneralAndAdministrative": "441000000",
            "researchAndDevelopment": "37000000",
            "operatingExpenses": "521000000",
            "investmentIncomeNet": "None",
            "netInterestIncome": "-41000000",
            "interestIncome": "1000000",
            "interestExpense": "42000000",
            "nonInterestIncome": "3029000000",
            "otherNonOperatingIncome": "None",
            "depreciation": "None",
            "depreciationAndAmortization": "23000000",
            "incomeBeforeTax": "333000000",
            "incomeTaxExpense": "109000000",
            "interestAndDebtExpense": "42000000",
            "netIncomeFromContinuingOperations": "265000000",
            "comprehensiveIncomeNetOfTax": "243000000",
            "ebit": "416000000",
            "ebitda": "398000000",
            "netIncome": "224000000"
        },
        {
            "fiscalDateEnding": "2020-03-31",
            "reportedCurrency": "USD",
            "grossProfit": "897000000",
            "totalRevenue": "2966000000",
            "costOfRevenue": "2069000000",
            "costofGoodsAndServicesSold": "2069000000",
            "operatingIncome": "329000000",
            "sellingGeneralAndAdministrative": "465000000",
            "researchAndDevelopment": "38000000",
            "operatingExpenses": "586000000",
            "investmentIncomeNet": "None",
            "netInterestIncome": "-5000000",
            "interestIncome": "-5000000",
            "interestExpense": "5000000",
            "nonInterestIncome": "2966000000",
            "otherNonOperatingIncome": "None",
            "depreciation": "None",
            "depreciationAndAmortization": "22000000",
            "incomeBeforeTax": "290000000",
            "incomeTaxExpense": "125000000",
            "interestAndDebtExpense": "5000000",
            "netIncomeFromContinuingOperations": "202000000",
            "comprehensiveIncomeNetOfTax": "61000000",
            "ebit": "295000000",
            "ebitda": "317000000",
            "netIncome": "165000000"
        },
        {
            "fiscalDateEnding": "2019-12-31",
            "reportedCurrency": "USD",
            "grossProfit": "966000000",
            "totalRevenue": "3353000000",
            "costOfRevenue": "2387000000",
            "costofGoodsAndServicesSold": "2387000000",
            "operatingIncome": "436000000",
            "sellingGeneralAndAdministrative": "481000000",
            "researchAndDevelopment": "45000000",
            "operatingExpenses": "530000000",
            "investmentIncomeNet": "None",
            "netInterestIncome": "6000000",
            "interestIncome": "None",
            "interestExpense": "None",
            "nonInterestIncome": "None",
            "otherNonOperatingIncome": "None",
            "depreciation": "None",
            "depreciationAndAmortization": "45000000",
            "incomeBeforeTax": "401000000",
            "incomeTaxExpense": "183000000",
            "interestAndDebtExpense": "None",
            "netIncomeFromContinuingOperations": "254000000",
            "comprehensiveIncomeNetOfTax": "273000000",
            "ebit": "436000000",
            "ebitda": "446000000",
            "netIncome": "218000000"
        },
        {
            "fiscalDateEnding": "2019-09-30",
            "reportedCurrency": "USD",
            "grossProfit": "975000000",
            "totalRevenue": "3313000000",
            "costOfRevenue": "2338000000",
            "costofGoodsAndServicesSold": "2338000000",
            "operatingIncome": "482000000",
            "sellingGeneralAndAdministrative": "444000000",
            "researchAndDevelopment": "39000000",
            "operatingExpenses": "493000000",
            "investmentIncomeNet": "None",
            "netInterestIncome": "6000000",
            "interestIncome": "None",
            "interestExpense": "None",
            "nonInterestIncome": "None",
            "otherNonOperatingIncome": "None",
            "depreciation": "None",
            "depreciationAndAmortization": "44000000",
            "incomeBeforeTax": "460000000",
            "incomeTaxExpense": "143000000",
            "interestAndDebtExpense": "None",
            "netIncomeFromContinuingOperations": "361000000",
            "comprehensiveIncomeNetOfTax": "238000000",
            "ebit": "482000000",
            "ebitda": "504000000",
            "netIncome": "317000000"
        },
        {
            "fiscalDateEnding": "2019-06-30",
            "reportedCurrency": "USD",
            "grossProfit": "984000000",
            "totalRevenue": "3351000000",
            "costOfRevenue": "2367000000",
            "costofGoodsAndServicesSold": "2367000000",
            "operatingIncome": "481000000",
            "sellingGeneralAndAdministrative": "444000000",
            "researchAndDevelopment": "40000000",
            "operatingExpenses": "503000000",
            "investmentIncomeNet": "None",
            "netInterestIncome": "3000000",
            "interestIncome": "None",
            "interestExpense": "None",
            "nonInterestIncome": "None",
            "otherNonOperatingIncome": "None",
            "depreciation": "None",
            "depreciationAndAmortization": "46000000",
            "incomeBeforeTax": "451000000",
            "incomeTaxExpense": "143000000",
            "interestAndDebtExpense": "None",
            "netIncomeFromContinuingOperations": "352000000",
            "comprehensiveIncomeNetOfTax": "268000000",
            "ebit": "481000000",
            "ebitda": "497000000",
            "netIncome": "308000000"
        },
        {
            "fiscalDateEnding": "2019-03-31",
            "reportedCurrency": "USD",
            "grossProfit": "901000000",
            "totalRevenue": "3101000000",
            "costOfRevenue": "2200000000",
            "costofGoodsAndServicesSold": "2200000000",
            "operatingIncome": "415000000",
            "sellingGeneralAndAdministrative": "441000000",
            "researchAndDevelopment": "39000000",
            "operatingExpenses": "486000000",
            "investmentIncomeNet": "None",
            "netInterestIncome": "-1000000",
            "interestIncome": "-1000000",
            "interestExpense": "1000000",
            "nonInterestIncome": "None",
            "otherNonOperatingIncome": "None",
            "depreciation": "None",
            "depreciationAndAmortization": "45000000",
            "incomeBeforeTax": "398000000",
            "incomeTaxExpense": "125000000",
            "interestAndDebtExpense": "None",
            "netIncomeFromContinuingOperations": "300000000",
            "comprehensiveIncomeNetOfTax": "287000000",
            "ebit": "415000000",
            "ebitda": "444000000",
            "netIncome": "273000000"
        }
    ]
}