{
    "symbol": "PEAK",
    "annualReports": [
        {
            "fiscalDateEnding": "2021-12-31",
            "reportedCurrency": "USD",
            "grossProfit": "302626000",
            "totalRevenue": "1896184000",
            "costOfRevenue": "1593558000",
            "costofGoodsAndServicesSold": "773279000",
            "operatingIncome": "-470653000",
            "sellingGeneralAndAdministrative": "109303000",
            "researchAndDevelopment": "None",
            "operatingExpenses": "773279000",
            "investmentIncomeNet": "None",
            "netInterestIncome": "-120207000",
            "interestIncome": "37773000",
            "interestExpense": "157980000",
            "nonInterestIncome": "245501000",
            "otherNonOperatingIncome": "6266000",
            "depreciation": "None",
            "depreciationAndAmortization": "684286000",
            "incomeBeforeTax": "502279000",
            "incomeTaxExpense": "-3261000",
            "interestAndDebtExpense": "383804000",
            "netIncomeFromContinuingOperations": "119877000",
            "comprehensiveIncomeNetOfTax": "506078000",
            "ebit": "660259000",
            "ebitda": "1344545000",
            "netIncome": "505540000"
        },
        {
            "fiscalDateEnding": "2020-12-31",
            "reportedCurrency": "USD",
            "grossProfit": "127037000",
            "totalRevenue": "1644875000",
            "costOfRevenue": "1517838000",
            "costofGoodsAndServicesSold": "782541000",
            "operatingIncome": "-655504000",
            "sellingGeneralAndAdministrative": "111237000",
            "researchAndDevelopment": "None",
            "operatingExpenses": "782541000",
            "investmentIncomeNet": "None",
            "netInterestIncome": "-201783000",
            "interestIncome": "16553000",
            "interestExpense": "218336000",
            "nonInterestIncome": "393582000",
            "otherNonOperatingIncome": "234684000",
            "depreciation": "None",
            "depreciationAndAmortization": "553949000",
            "incomeBeforeTax": "404140000",
            "incomeTaxExpense": "-9423000",
            "interestAndDebtExpense": "261248000",
            "netIncomeFromContinuingOperations": "146113000",
            "comprehensiveIncomeNetOfTax": "412735000",
            "ebit": "622476000",
            "ebitda": "1176425000",
            "netIncome": "413563000"
        },
        {
            "fiscalDateEnding": "2019-12-31",
            "reportedCurrency": "USD",
            "grossProfit": "130378000",
            "totalRevenue": "1240339000",
            "costOfRevenue": "1867005000",
            "costofGoodsAndServicesSold": "405244000",
            "operatingIncome": "-748992000",
            "sellingGeneralAndAdministrative": "92966000",
            "researchAndDevelopment": "None",
            "operatingExpenses": "405244000",
            "investmentIncomeNet": "None",
            "netInterestIncome": "-215775000",
            "interestIncome": "1837000",
            "interestExpense": "217612000",
            "nonInterestIncome": "669616000",
            "otherNonOperatingIncome": "165069000",
            "depreciation": "None",
            "depreciationAndAmortization": "435191000",
            "incomeBeforeTax": "40051000",
            "incomeTaxExpense": "-5479000",
            "interestAndDebtExpense": "283983000",
            "netIncomeFromContinuingOperations": "160911000",
            "comprehensiveIncomeNetOfTax": "47381000",
            "ebit": "257663000",
            "ebitda": "692854000",
            "netIncome": "45530000"
        },
        {
            "fiscalDateEnding": "2018-12-31",
            "reportedCurrency": "USD",
            "grossProfit": "429418000",
            "totalRevenue": "1191320000",
            "costOfRevenue": "1417271000",
            "costofGoodsAndServicesSold": "378657000",
            "operatingIncome": "-275620000",
            "sellingGeneralAndAdministrative": "96702000",
            "researchAndDevelopment": "None",
            "operatingExpenses": "378657000",
            "investmentIncomeNet": "None",
            "netInterestIncome": "-255937000",
            "interestIncome": "5343000",
            "interestExpense": "261280000",
            "nonInterestIncome": "-44162000",
            "otherNonOperatingIncome": "13425000",
            "depreciation": "None",
            "depreciationAndAmortization": "404681000",
            "incomeBeforeTax": "1056697000",
            "incomeTaxExpense": "-4396000",
            "interestAndDebtExpense": "310505000",
            "netIncomeFromContinuingOperations": "824924000",
            "comprehensiveIncomeNetOfTax": "1080409000",
            "ebit": "1317977000",
            "ebitda": "1722658000",
            "netIncome": "1061093000"
        },
        {
            "fiscalDateEnding": "2017-12-31",
            "reportedCurrency": "USD",
            "grossProfit": "384282000",
            "totalRevenue": "1848378000",
            "costOfRevenue": "1464096000",
            "costofGoodsAndServicesSold": "666251000",
            "operatingIncome": "-281969000",
            "sellingGeneralAndAdministrative": "88772000",
            "researchAndDevelopment": "None",
            "operatingExpenses": "666251000",
            "investmentIncomeNet": "None",
            "netInterestIncome": "-251479000",
            "interestIncome": "56237000",
            "interestExpense": "307716000",
            "nonInterestIncome": "1016926000",
            "otherNonOperatingIncome": "31420000",
            "depreciation": "None",
            "depreciationAndAmortization": "534726000",
            "incomeBeforeTax": "412836000",
            "incomeTaxExpense": "-1333000",
            "interestAndDebtExpense": "361943000",
            "netIncomeFromContinuingOperations": "414169000",
            "comprehensiveIncomeNetOfTax": "419787000",
            "ebit": "720552000",
            "ebitda": "1255278000",
            "netIncome": "414169000"
        }
    ],
    "quarterlyReports": [
        {
            "fiscalDateEnding": "2021-12-31",
            "reportedCurrency": "USD",
            "grossProfit": "483205000",
            "totalRevenue": "483205000",
            "costOfRevenue": "399880000",
            "costofGoodsAndServicesSold": "199247000",
            "operatingIncome": "483205000",
            "sellingGeneralAndAdministrative": "37043000",
            "researchAndDevelopment": "None",
            "operatingExpenses": "199247000",
            "investmentIncomeNet": "None",
            "netInterestIncome": "-30647000",
            "interestIncome": "5904000",
            "interestExpense": "36551000",
            "nonInterestIncome": "118867000",
            "otherNonOperatingIncome": "662000",
            "depreciation": "None",
            "depreciationAndAmortization": "178114000",
            "incomeBeforeTax": "26904000",
            "incomeTaxExpense": "-1857000",
            "interestAndDebtExpense": "36551000",
            "netIncomeFromContinuingOperations": "25128000",
            "comprehensiveIncomeNetOfTax": "28895000",
            "ebit": "63455000",
            "ebitda": "241569000",
            "netIncome": "28761000"
        },
        {
            "fiscalDateEnding": "2021-09-30",
            "reportedCurrency": "USD",
            "grossProfit": "78881000",
            "totalRevenue": "481465000",
            "costOfRevenue": "402584000",
            "costofGoodsAndServicesSold": "202139000",
            "operatingIncome": "-123258000",
            "sellingGeneralAndAdministrative": "23270000",
            "researchAndDevelopment": "None",
            "operatingExpenses": "202139000",
            "investmentIncomeNet": "None",
            "netInterestIncome": "-29157000",
            "interestIncome": "6748000",
            "interestExpense": "35905000",
            "nonInterestIncome": "118355000",
            "otherNonOperatingIncome": "1670000",
            "depreciation": "None",
            "depreciationAndAmortization": "177175000",
            "incomeBeforeTax": "54062000",
            "incomeTaxExpense": "-649000",
            "interestAndDebtExpense": "36572000",
            "netIncomeFromContinuingOperations": "54110000",
            "comprehensiveIncomeNetOfTax": "54819000",
            "ebit": "89967000",
            "ebitda": "267142000",
            "netIncome": "54711000"
        },
        {
            "fiscalDateEnding": "2021-06-30",
            "reportedCurrency": "USD",
            "grossProfit": "89940000",
            "totalRevenue": "476238000",
            "costOfRevenue": "386298000",
            "costofGoodsAndServicesSold": "190132000",
            "operatingIncome": "-100192000",
            "sellingGeneralAndAdministrative": "24088000",
            "researchAndDevelopment": "None",
            "operatingExpenses": "190132000",
            "investmentIncomeNet": "None",
            "netInterestIncome": "-22573000",
            "interestIncome": "16108000",
            "interestExpense": "38681000",
            "nonInterestIncome": "56443000",
            "otherNonOperatingIncome": "1734000",
            "depreciation": "None",
            "depreciationAndAmortization": "171459000",
            "incomeBeforeTax": "275517000",
            "incomeTaxExpense": "-763000",
            "interestAndDebtExpense": "99546000",
            "netIncomeFromContinuingOperations": "164530000",
            "comprehensiveIncomeNetOfTax": "276388000",
            "ebit": "314198000",
            "ebitda": "485657000",
            "netIncome": "276280000"
        },
        {
            "fiscalDateEnding": "2021-03-31",
            "reportedCurrency": "USD",
            "grossProfit": "83181000",
            "totalRevenue": "455276000",
            "costOfRevenue": "372095000",
            "costofGoodsAndServicesSold": "181761000",
            "operatingIncome": "-98580000",
            "sellingGeneralAndAdministrative": "24902000",
            "researchAndDevelopment": "None",
            "operatingExpenses": "181761000",
            "investmentIncomeNet": "None",
            "netInterestIncome": "-37830000",
            "interestIncome": "9013000",
            "interestExpense": "46843000",
            "nonInterestIncome": "-48164000",
            "otherNonOperatingIncome": "2200000",
            "depreciation": "None",
            "depreciationAndAmortization": "157538000",
            "incomeBeforeTax": "145796000",
            "incomeTaxExpense": "8000",
            "interestAndDebtExpense": "211135000",
            "netIncomeFromContinuingOperations": "-123891000",
            "comprehensiveIncomeNetOfTax": "145976000",
            "ebit": "192639000",
            "ebitda": "350177000",
            "netIncome": "145788000"
        },
        {
            "fiscalDateEnding": "2020-12-31",
            "reportedCurrency": "USD",
            "grossProfit": "431697000",
            "totalRevenue": "431697000",
            "costOfRevenue": "-223343000",
            "costofGoodsAndServicesSold": "184215000",
            "operatingIncome": "431697000",
            "sellingGeneralAndAdministrative": "43507000",
            "researchAndDevelopment": "None",
            "operatingExpenses": "184215000",
            "investmentIncomeNet": "None",
            "netInterestIncome": "-41983000",
            "interestIncome": "12105000",
            "interestExpense": "54088000",
            "nonInterestIncome": "-361324000",
            "otherNonOperatingIncome": "-128000",
            "depreciation": "None",
            "depreciationAndAmortization": "147175000",
            "incomeBeforeTax": "143763000",
            "incomeTaxExpense": "-2631000",
            "interestAndDebtExpense": "46175000",
            "netIncomeFromContinuingOperations": "-23033000",
            "comprehensiveIncomeNetOfTax": "145945000",
            "ebit": "197851000",
            "ebitda": "345026000",
            "netIncome": "146394000"
        },
        {
            "fiscalDateEnding": "2020-09-30",
            "reportedCurrency": "USD",
            "grossProfit": "48570000",
            "totalRevenue": "423565000",
            "costOfRevenue": "549169000",
            "costofGoodsAndServicesSold": "183141000",
            "operatingIncome": "-265722000",
            "sellingGeneralAndAdministrative": "21661000",
            "researchAndDevelopment": "None",
            "operatingExpenses": "183141000",
            "investmentIncomeNet": "None",
            "netInterestIncome": "-51792000",
            "interestIncome": "1942000",
            "interestExpense": "53734000",
            "nonInterestIncome": "246695000",
            "otherNonOperatingIncome": "6744000",
            "depreciation": "None",
            "depreciationAndAmortization": "141971000",
            "incomeBeforeTax": "-40447000",
            "incomeTaxExpense": "22970000",
            "interestAndDebtExpense": "74156000",
            "netIncomeFromContinuingOperations": "-31378000",
            "comprehensiveIncomeNetOfTax": "-64467000",
            "ebit": "13287000",
            "ebitda": "155258000",
            "netIncome": "-63417000"
        },
        {
            "fiscalDateEnding": "2020-06-30",
            "reportedCurrency": "USD",
            "grossProfit": "69764000",
            "totalRevenue": "408559000",
            "costOfRevenue": "518676000",
            "costofGoodsAndServicesSold": "177808000",
            "operatingIncome": "-246077000",
            "sellingGeneralAndAdministrative": "23720000",
            "researchAndDevelopment": "None",
            "operatingExpenses": "177808000",
            "investmentIncomeNet": "None",
            "netInterestIncome": "-53320000",
            "interestIncome": "1503000",
            "interestExpense": "54823000",
            "nonInterestIncome": "243873000",
            "otherNonOperatingIncome": "17415000",
            "depreciation": "None",
            "depreciationAndAmortization": "139691000",
            "incomeBeforeTax": "51612000",
            "incomeTaxExpense": "106000",
            "interestAndDebtExpense": "83374000",
            "netIncomeFromContinuingOperations": "56855000",
            "comprehensiveIncomeNetOfTax": "51815000",
            "ebit": "106435000",
            "ebitda": "246126000",
            "netIncome": "51506000"
        },
        {
            "fiscalDateEnding": "2020-03-31",
            "reportedCurrency": "USD",
            "grossProfit": "-64353000",
            "totalRevenue": "381054000",
            "costOfRevenue": "649503000",
            "costofGoodsAndServicesSold": "237377000",
            "operatingIncome": "-440366000",
            "sellingGeneralAndAdministrative": "22349000",
            "researchAndDevelopment": "None",
            "operatingExpenses": "237377000",
            "investmentIncomeNet": "None",
            "netInterestIncome": "-54688000",
            "interestIncome": "1003000",
            "interestExpense": "55691000",
            "nonInterestIncome": "264338000",
            "otherNonOperatingIncome": "210653000",
            "depreciation": "None",
            "depreciationAndAmortization": "125112000",
            "incomeBeforeTax": "249212000",
            "incomeTaxExpense": "-29868000",
            "interestAndDebtExpense": "57543000",
            "netIncomeFromContinuingOperations": "143669000",
            "comprehensiveIncomeNetOfTax": "279442000",
            "ebit": "304903000",
            "ebitda": "430015000",
            "netIncome": "279080000"
        },
        {
            "fiscalDateEnding": "2019-12-31",
            "reportedCurrency": "USD",
            "grossProfit": "531691000",
            "totalRevenue": "318920000",
            "costOfRevenue": "572553000",
            "costofGoodsAndServicesSold": "-225745000",
            "operatingIncome": "531691000",
            "sellingGeneralAndAdministrative": "21521000",
            "researchAndDevelopment": "None",
            "operatingExpenses": "-225745000",
            "investmentIncomeNet": "None",
            "netInterestIncome": "-55144000",
            "interestIncome": "-5031000",
            "interestExpense": "50113000",
            "nonInterestIncome": "188267000",
            "otherNonOperatingIncome": "140235000",
            "depreciation": "None",
            "depreciationAndAmortization": "-34000000",
            "incomeBeforeTax": "49624000",
            "incomeTaxExpense": "6104000",
            "interestAndDebtExpense": "80332000",
            "netIncomeFromContinuingOperations": "158901000",
            "comprehensiveIncomeNetOfTax": "45886000",
            "ebit": "99737000",
            "ebitda": "65737000",
            "netIncome": "43520000"
        },
        {
            "fiscalDateEnding": "2019-09-30",
            "reportedCurrency": "USD",
            "grossProfit": "87669000",
            "totalRevenue": "321079000",
            "costOfRevenue": "450302000",
            "costofGoodsAndServicesSold": "248069000",
            "operatingIncome": "-160400000",
            "sellingGeneralAndAdministrative": "22970000",
            "researchAndDevelopment": "None",
            "operatingExpenses": "248069000",
            "investmentIncomeNet": "None",
            "netInterestIncome": "-58489000",
            "interestIncome": "2741000",
            "interestExpense": "61230000",
            "nonInterestIncome": "178023000",
            "otherNonOperatingIncome": "693000",
            "depreciation": "None",
            "depreciationAndAmortization": "171944000",
            "incomeBeforeTax": "-52124000",
            "incomeTaxExpense": "-6261000",
            "interestAndDebtExpense": "96247000",
            "netIncomeFromContinuingOperations": "-45863000",
            "comprehensiveIncomeNetOfTax": "-46627000",
            "ebit": "9106000",
            "ebitda": "181050000",
            "netIncome": "-45863000"
        },
        {
            "fiscalDateEnding": "2019-06-30",
            "reportedCurrency": "USD",
            "grossProfit": "24821000",
            "totalRevenue": "307037000",
            "costOfRevenue": "466746000",
            "costofGoodsAndServicesSold": "213993000",
            "operatingIncome": "-189172000",
            "sellingGeneralAndAdministrative": "27120000",
            "researchAndDevelopment": "None",
            "operatingExpenses": "213993000",
            "investmentIncomeNet": "None",
            "netInterestIncome": "-54528000",
            "interestIncome": "2414000",
            "interestExpense": "56942000",
            "nonInterestIncome": "176631000",
            "otherNonOperatingIncome": "21008000",
            "depreciation": "None",
            "depreciationAndAmortization": "165296000",
            "incomeBeforeTax": "-15461000",
            "incomeTaxExpense": "-1864000",
            "interestAndDebtExpense": "58077000",
            "netIncomeFromContinuingOperations": "-13597000",
            "comprehensiveIncomeNetOfTax": "-14173000",
            "ebit": "41481000",
            "ebitda": "206777000",
            "netIncome": "-13597000"
        },
        {
            "fiscalDateEnding": "2019-03-31",
            "reportedCurrency": "USD",
            "grossProfit": "100545000",
            "totalRevenue": "293303000",
            "costOfRevenue": "335609000",
            "costofGoodsAndServicesSold": "168927000",
            "operatingIncome": "-68382000",
            "sellingGeneralAndAdministrative": "21355000",
            "researchAndDevelopment": "None",
            "operatingExpenses": "168927000",
            "investmentIncomeNet": "None",
            "netInterestIncome": "-47614000",
            "interestIncome": "1713000",
            "interestExpense": "49327000",
            "nonInterestIncome": "126695000",
            "otherNonOperatingIncome": "3133000",
            "depreciation": "None",
            "depreciationAndAmortization": "131951000",
            "incomeBeforeTax": "58012000",
            "incomeTaxExpense": "-3458000",
            "interestAndDebtExpense": "49327000",
            "netIncomeFromContinuingOperations": "61470000",
            "comprehensiveIncomeNetOfTax": "62295000",
            "ebit": "107339000",
            "ebitda": "239290000",
            "netIncome": "61470000"
        },
        {
            "fiscalDateEnding": "2018-12-31",
            "reportedCurrency": "USD",
            "grossProfit": "441919000",
            "totalRevenue": "441919000",
            "costOfRevenue": "367446000",
            "costofGoodsAndServicesSold": "-148968000",
            "operatingIncome": "441919000",
            "sellingGeneralAndAdministrative": "21510000",
            "researchAndDevelopment": "None",
            "operatingExpenses": "-148968000",
            "investmentIncomeNet": "None",
            "netInterestIncome": "-53359000",
            "interestIncome": "-3705000",
            "interestExpense": "49654000",
            "nonInterestIncome": "-263000",
            "otherNonOperatingIncome": "50442000",
            "depreciation": "None",
            "depreciationAndAmortization": "-14059000",
            "incomeBeforeTax": "842071000",
            "incomeTaxExpense": "10523000",
            "interestAndDebtExpense": "54980000",
            "netIncomeFromContinuingOperations": "595379000",
            "comprehensiveIncomeNetOfTax": "831137000",
            "ebit": "891725000",
            "ebitda": "877666000",
            "netIncome": "831548000"
        },
        {
            "fiscalDateEnding": "2018-09-30",
            "reportedCurrency": "USD",
            "grossProfit": "114625000",
            "totalRevenue": "456022000",
            "costOfRevenue": "341397000",
            "costofGoodsAndServicesSold": "181207000",
            "operatingIncome": "-66582000",
            "sellingGeneralAndAdministrative": "23503000",
            "researchAndDevelopment": "None",
            "operatingExpenses": "181207000",
            "investmentIncomeNet": "None",
            "netInterestIncome": "-62250000",
            "interestIncome": "1236000",
            "interestExpense": "63486000",
            "nonInterestIncome": "-43899000",
            "otherNonOperatingIncome": "1604000",
            "depreciation": "None",
            "depreciationAndAmortization": "132198000",
            "incomeBeforeTax": "94442000",
            "incomeTaxExpense": "-4929000",
            "interestAndDebtExpense": "107385000",
            "netIncomeFromContinuingOperations": "99371000",
            "comprehensiveIncomeNetOfTax": "99154000",
            "ebit": "157928000",
            "ebitda": "290126000",
            "netIncome": "99371000"
        },
        {
            "fiscalDateEnding": "2018-06-30",
            "reportedCurrency": "USD",
            "grossProfit": "127475000",
            "totalRevenue": "469551000",
            "costOfRevenue": "342076000",
            "costofGoodsAndServicesSold": "173866000",
            "operatingIncome": "-46391000",
            "sellingGeneralAndAdministrative": "22514000",
            "researchAndDevelopment": "None",
            "operatingExpenses": "173866000",
            "investmentIncomeNet": "None",
            "netInterestIncome": "-71591000",
            "interestIncome": "1447000",
            "interestExpense": "73038000",
            "nonInterestIncome": "136774000",
            "otherNonOperatingIncome": "1786000",
            "depreciation": "None",
            "depreciationAndAmortization": "143292000",
            "incomeBeforeTax": "85288000",
            "incomeTaxExpense": "-4654000",
            "interestAndDebtExpense": "73038000",
            "netIncomeFromContinuingOperations": "89942000",
            "comprehensiveIncomeNetOfTax": "107169000",
            "ebit": "158326000",
            "ebitda": "301618000",
            "netIncome": "89942000"
        },
        {
            "fiscalDateEnding": "2018-03-31",
            "reportedCurrency": "USD",
            "grossProfit": "135323000",
            "totalRevenue": "479197000",
            "costOfRevenue": "343874000",
            "costofGoodsAndServicesSold": "172552000",
            "operatingIncome": "-37229000",
            "sellingGeneralAndAdministrative": "29175000",
            "researchAndDevelopment": "None",
            "operatingExpenses": "172552000",
            "investmentIncomeNet": "None",
            "netInterestIncome": "-68737000",
            "interestIncome": "6365000",
            "interestExpense": "75102000",
            "nonInterestIncome": "279578000",
            "otherNonOperatingIncome": "-40407000",
            "depreciation": "None",
            "depreciationAndAmortization": "143250000",
            "incomeBeforeTax": "34896000",
            "incomeTaxExpense": "-5336000",
            "interestAndDebtExpense": "75102000",
            "netIncomeFromContinuingOperations": "40232000",
            "comprehensiveIncomeNetOfTax": "42949000",
            "ebit": "109998000",
            "ebitda": "253248000",
            "netIncome": "40232000"
        },
        {
            "fiscalDateEnding": "2017-12-31",
            "reportedCurrency": "USD",
            "grossProfit": "443259000",
            "totalRevenue": "443259000",
            "costOfRevenue": "446820000",
            "costofGoodsAndServicesSold": "198669000",
            "operatingIncome": "443259000",
            "sellingGeneralAndAdministrative": "21485000",
            "researchAndDevelopment": "None",
            "operatingExpenses": "198669000",
            "investmentIncomeNet": "None",
            "netInterestIncome": "-66619000",
            "interestIncome": "5263000",
            "interestExpense": "71882000",
            "nonInterestIncome": "254020000",
            "otherNonOperatingIncome": "-9303000",
            "depreciation": "None",
            "depreciationAndAmortization": "136833000",
            "incomeBeforeTax": "-45405000",
            "incomeTaxExpense": "13297000",
            "interestAndDebtExpense": "71882000",
            "netIncomeFromContinuingOperations": "-58702000",
            "comprehensiveIncomeNetOfTax": "-58235000",
            "ebit": "26477000",
            "ebitda": "163310000",
            "netIncome": "-58702000"
        },
        {
            "fiscalDateEnding": "2017-09-30",
            "reportedCurrency": "USD",
            "grossProfit": "143994000",
            "totalRevenue": "454023000",
            "costOfRevenue": "310029000",
            "costofGoodsAndServicesSold": "155338000",
            "operatingIncome": "-11344000",
            "sellingGeneralAndAdministrative": "23523000",
            "researchAndDevelopment": "None",
            "operatingExpenses": "155338000",
            "investmentIncomeNet": "None",
            "netInterestIncome": "-59554000",
            "interestIncome": "11774000",
            "interestExpense": "71328000",
            "nonInterestIncome": "211882000",
            "otherNonOperatingIncome": "-10556000",
            "depreciation": "None",
            "depreciationAndAmortization": "130588000",
            "incomeBeforeTax": "-13138000",
            "incomeTaxExpense": "-5481000",
            "interestAndDebtExpense": "125555000",
            "netIncomeFromContinuingOperations": "-7657000",
            "comprehensiveIncomeNetOfTax": "-4859000",
            "ebit": "58190000",
            "ebitda": "188778000",
            "netIncome": "-7657000"
        },
        {
            "fiscalDateEnding": "2017-06-30",
            "reportedCurrency": "USD",
            "grossProfit": "152861000",
            "totalRevenue": "458928000",
            "costOfRevenue": "306067000",
            "costofGoodsAndServicesSold": "153163000",
            "operatingIncome": "-302000",
            "sellingGeneralAndAdministrative": "21286000",
            "researchAndDevelopment": "None",
            "operatingExpenses": "153163000",
            "investmentIncomeNet": "None",
            "netInterestIncome": "-56919000",
            "interestIncome": "20869000",
            "interestExpense": "77788000",
            "nonInterestIncome": "263820000",
            "otherNonOperatingIncome": "71000",
            "depreciation": "None",
            "depreciationAndAmortization": "130751000",
            "incomeBeforeTax": "16396000",
            "incomeTaxExpense": "-2987000",
            "interestAndDebtExpense": "77788000",
            "netIncomeFromContinuingOperations": "19383000",
            "comprehensiveIncomeNetOfTax": "20752000",
            "ebit": "94184000",
            "ebitda": "224935000",
            "netIncome": "19383000"
        },
        {
            "fiscalDateEnding": "2017-03-31",
            "reportedCurrency": "USD",
            "grossProfit": "172998000",
            "totalRevenue": "492168000",
            "costOfRevenue": "319170000",
            "costofGoodsAndServicesSold": "159081000",
            "operatingIncome": "13917000",
            "sellingGeneralAndAdministrative": "22478000",
            "researchAndDevelopment": "None",
            "operatingExpenses": "159081000",
            "investmentIncomeNet": "None",
            "netInterestIncome": "-68387000",
            "interestIncome": "18331000",
            "interestExpense": "86718000",
            "nonInterestIncome": "286295000",
            "otherNonOperatingIncome": "51208000",
            "depreciation": "None",
            "depreciationAndAmortization": "136554000",
            "incomeBeforeTax": "454983000",
            "incomeTaxExpense": "-6162000",
            "interestAndDebtExpense": "86718000",
            "netIncomeFromContinuingOperations": "461145000",
            "comprehensiveIncomeNetOfTax": "462129000",
            "ebit": "541701000",
            "ebitda": "678255000",
            "netIncome": "461145000"
        }
    ]
}