{
    "symbol": "SEDG",
    "annualReports": [
        {
            "fiscalDateEnding": "2021-12-31",
            "reportedCurrency": "USD",
            "grossProfit": "629318000",
            "totalRevenue": "1963865000",
            "costOfRevenue": "1334547000",
            "costofGoodsAndServicesSold": "7142000",
            "operatingIncome": "207139000",
            "sellingGeneralAndAdministrative": "201196000",
            "researchAndDevelopment": "219633000",
            "operatingExpenses": "422179000",
            "investmentIncomeNet": "None",
            "netInterestIncome": "-6376000",
            "interestIncome": "2973000",
            "interestExpense": "6376000",
            "nonInterestIncome": "-31176000",
            "otherNonOperatingIncome": "-19915000",
            "depreciation": "29359000",
            "depreciationAndAmortization": "10176000",
            "incomeBeforeTax": "187224000",
            "incomeTaxExpense": "18054000",
            "interestAndDebtExpense": "6376000",
            "netIncomeFromContinuingOperations": "169170000",
            "comprehensiveIncomeNetOfTax": "137994000",
            "ebit": "193600000",
            "ebitda": "203776000",
            "netIncome": "169170000"
        },
        {
            "fiscalDateEnding": "2020-12-31",
            "reportedCurrency": "USD",
            "grossProfit": "461359000",
            "totalRevenue": "1459271000",
            "costOfRevenue": "997912000",
            "costofGoodsAndServicesSold": "8864000",
            "operatingIncome": "142561000",
            "sellingGeneralAndAdministrative": "159104000",
            "researchAndDevelopment": "163123000",
            "operatingExpenses": "318798000",
            "investmentIncomeNet": "None",
            "netInterestIncome": "-5330000",
            "interestIncome": "4900000",
            "interestExpense": "5330000",
            "nonInterestIncome": "5666000",
            "otherNonOperatingIncome": "21105000",
            "depreciation": "22355000",
            "depreciationAndAmortization": "9479000",
            "incomeBeforeTax": "163666000",
            "incomeTaxExpense": "23344000",
            "interestAndDebtExpense": "5330000",
            "netIncomeFromContinuingOperations": "140322000",
            "comprehensiveIncomeNetOfTax": "145988000",
            "ebit": "168996000",
            "ebitda": "178475000",
            "netIncome": "140322000"
        },
        {
            "fiscalDateEnding": "2019-12-31",
            "reportedCurrency": "USD",
            "grossProfit": "479338000",
            "totalRevenue": "1425660000",
            "costOfRevenue": "946322000",
            "costofGoodsAndServicesSold": "4528000",
            "operatingIncome": "189946000",
            "sellingGeneralAndAdministrative": "137345000",
            "researchAndDevelopment": "121351000",
            "operatingExpenses": "289392000",
            "investmentIncomeNet": "None",
            "netInterestIncome": "-4805000",
            "interestIncome": "4590000",
            "interestExpense": "4805000",
            "nonInterestIncome": "-11823000",
            "otherNonOperatingIncome": "-11343000",
            "depreciation": "17261000",
            "depreciationAndAmortization": "17261000",
            "incomeBeforeTax": "180195000",
            "incomeTaxExpense": "33646000",
            "interestAndDebtExpense": "4805000",
            "netIncomeFromContinuingOperations": "144957000",
            "comprehensiveIncomeNetOfTax": "144653000",
            "ebit": "185000000",
            "ebitda": "202261000",
            "netIncome": "146549000"
        },
        {
            "fiscalDateEnding": "2018-12-31",
            "reportedCurrency": "USD",
            "grossProfit": "319236000",
            "totalRevenue": "937237000",
            "costOfRevenue": "618001000",
            "costofGoodsAndServicesSold": "943000",
            "operatingIncome": "139420000",
            "sellingGeneralAndAdministrative": "97571000",
            "researchAndDevelopment": "82245000",
            "operatingExpenses": "179816000",
            "investmentIncomeNet": "None",
            "netInterestIncome": "-2536000",
            "interestIncome": "5629000",
            "interestExpense": "2536000",
            "nonInterestIncome": "-358000",
            "otherNonOperatingIncome": "-2297000",
            "depreciation": "11426000",
            "depreciationAndAmortization": "11426000",
            "incomeBeforeTax": "137910000",
            "incomeTaxExpense": "9077000",
            "interestAndDebtExpense": "2536000",
            "netIncomeFromContinuingOperations": "128833000",
            "comprehensiveIncomeNetOfTax": "127983000",
            "ebit": "140446000",
            "ebitda": "151872000",
            "netIncome": "128833000"
        },
        {
            "fiscalDateEnding": "2017-12-31",
            "reportedCurrency": "USD",
            "grossProfit": "214766000",
            "totalRevenue": "607045000",
            "costOfRevenue": "392279000",
            "costofGoodsAndServicesSold": "31045000",
            "operatingIncome": "91086000",
            "sellingGeneralAndAdministrative": "68714000",
            "researchAndDevelopment": "54966000",
            "operatingExpenses": "123680000",
            "investmentIncomeNet": "None",
            "netInterestIncome": "-2061000",
            "interestIncome": "4398000",
            "interestExpense": "2061000",
            "nonInterestIncome": "-1031000",
            "otherNonOperatingIncome": "9158000",
            "depreciation": "7011000",
            "depreciationAndAmortization": "7011000",
            "incomeBeforeTax": "100244000",
            "incomeTaxExpense": "16072000",
            "interestAndDebtExpense": "2061000",
            "netIncomeFromContinuingOperations": "84172000",
            "comprehensiveIncomeNetOfTax": "83885000",
            "ebit": "91086000",
            "ebitda": "109316000",
            "netIncome": "84172000"
        }
    ],
    "quarterlyReports": [
        {
            "fiscalDateEnding": "2021-12-31",
            "reportedCurrency": "USD",
            "grossProfit": "160491000",
            "totalRevenue": "551915000",
            "costOfRevenue": "391424000",
            "costofGoodsAndServicesSold": "391424000",
            "operatingIncome": "41038000",
            "sellingGeneralAndAdministrative": "55127000",
            "researchAndDevelopment": "64326000",
            "operatingExpenses": "119453000",
            "investmentIncomeNet": "None",
            "netInterestIncome": "-6324000",
            "interestIncome": "None",
            "interestExpense": "None",
            "nonInterestIncome": "None",
            "otherNonOperatingIncome": "-6324000",
            "depreciation": "7867000",
            "depreciationAndAmortization": "2689000",
            "incomeBeforeTax": "34714000",
            "incomeTaxExpense": "-6240000",
            "interestAndDebtExpense": "None",
            "netIncomeFromContinuingOperations": "40954000",
            "comprehensiveIncomeNetOfTax": "32770000",
            "ebit": "41038000",
            "ebitda": "43727000",
            "netIncome": "40954000"
        },
        {
            "fiscalDateEnding": "2021-09-30",
            "reportedCurrency": "USD",
            "grossProfit": "172561000",
            "totalRevenue": "526404000",
            "costOfRevenue": "353843000",
            "costofGoodsAndServicesSold": "353843000",
            "operatingIncome": "66414000",
            "sellingGeneralAndAdministrative": "50481000",
            "researchAndDevelopment": "55666000",
            "operatingExpenses": "106147000",
            "investmentIncomeNet": "None",
            "netInterestIncome": "-5751000",
            "interestIncome": "None",
            "interestExpense": "None",
            "nonInterestIncome": "None",
            "otherNonOperatingIncome": "-5751000",
            "depreciation": "7484000",
            "depreciationAndAmortization": "2616000",
            "incomeBeforeTax": "60663000",
            "incomeTaxExpense": "7615000",
            "interestAndDebtExpense": "None",
            "netIncomeFromContinuingOperations": "53048000",
            "comprehensiveIncomeNetOfTax": "37449000",
            "ebit": "66414000",
            "ebitda": "69030000",
            "netIncome": "53048000"
        },
        {
            "fiscalDateEnding": "2021-06-30",
            "reportedCurrency": "USD",
            "grossProfit": "156192000",
            "totalRevenue": "480057000",
            "costOfRevenue": "323865000",
            "costofGoodsAndServicesSold": "323865000",
            "operatingIncome": "55559000",
            "sellingGeneralAndAdministrative": "48828000",
            "researchAndDevelopment": "52664000",
            "operatingExpenses": "100633000",
            "investmentIncomeNet": "None",
            "netInterestIncome": "-726000",
            "interestIncome": "None",
            "interestExpense": "726000",
            "nonInterestIncome": "None",
            "otherNonOperatingIncome": "-1743000",
            "depreciation": "7121000",
            "depreciationAndAmortization": "2480000",
            "incomeBeforeTax": "53816000",
            "incomeTaxExpense": "8724000",
            "interestAndDebtExpense": "726000",
            "netIncomeFromContinuingOperations": "45092000",
            "comprehensiveIncomeNetOfTax": "48317000",
            "ebit": "55559000",
            "ebitda": "57022000",
            "netIncome": "45092000"
        },
        {
            "fiscalDateEnding": "2021-03-31",
            "reportedCurrency": "USD",
            "grossProfit": "140074000",
            "totalRevenue": "405489000",
            "costOfRevenue": "265415000",
            "costofGoodsAndServicesSold": "265415000",
            "operatingIncome": "44128000",
            "sellingGeneralAndAdministrative": "46760000",
            "researchAndDevelopment": "46977000",
            "operatingExpenses": "95946000",
            "investmentIncomeNet": "None",
            "netInterestIncome": "-724000",
            "interestIncome": "None",
            "interestExpense": "724000",
            "nonInterestIncome": "None",
            "otherNonOperatingIncome": "-6097000",
            "depreciation": "6887000",
            "depreciationAndAmortization": "2391000",
            "incomeBeforeTax": "38031000",
            "incomeTaxExpense": "7955000",
            "interestAndDebtExpense": "724000",
            "netIncomeFromContinuingOperations": "30076000",
            "comprehensiveIncomeNetOfTax": "19458000",
            "ebit": "44128000",
            "ebitda": "41146000",
            "netIncome": "30076000"
        },
        {
            "fiscalDateEnding": "2020-12-31",
            "reportedCurrency": "USD",
            "grossProfit": "110325000",
            "totalRevenue": "358107000",
            "costOfRevenue": "247782000",
            "costofGoodsAndServicesSold": "247782000",
            "operatingIncome": "14427000",
            "sellingGeneralAndAdministrative": "46914000",
            "researchAndDevelopment": "47513000",
            "operatingExpenses": "95898000",
            "investmentIncomeNet": "None",
            "netInterestIncome": "-4789000",
            "interestIncome": "None",
            "interestExpense": "4789000",
            "nonInterestIncome": "6500000",
            "otherNonOperatingIncome": "None",
            "depreciation": "5979000",
            "depreciationAndAmortization": "2398000",
            "incomeBeforeTax": "24807000",
            "incomeTaxExpense": "7152000",
            "interestAndDebtExpense": "4789000",
            "netIncomeFromContinuingOperations": "17655000",
            "comprehensiveIncomeNetOfTax": "24155000",
            "ebit": "29596000",
            "ebitda": "31994000",
            "netIncome": "17655000"
        },
        {
            "fiscalDateEnding": "2020-09-30",
            "reportedCurrency": "USD",
            "grossProfit": "108063000",
            "totalRevenue": "338095000",
            "costOfRevenue": "230032000",
            "costofGoodsAndServicesSold": "230032000",
            "operatingIncome": "30394000",
            "sellingGeneralAndAdministrative": "36852000",
            "researchAndDevelopment": "40817000",
            "operatingExpenses": "77669000",
            "investmentIncomeNet": "None",
            "netInterestIncome": "-168000",
            "interestIncome": "None",
            "interestExpense": "168000",
            "nonInterestIncome": "799000",
            "otherNonOperatingIncome": "15765000",
            "depreciation": "5730000",
            "depreciationAndAmortization": "2466000",
            "incomeBeforeTax": "46159000",
            "incomeTaxExpense": "2408000",
            "interestAndDebtExpense": "168000",
            "netIncomeFromContinuingOperations": "43751000",
            "comprehensiveIncomeNetOfTax": "44550000",
            "ebit": "30394000",
            "ebitda": "48793000",
            "netIncome": "43751000"
        },
        {
            "fiscalDateEnding": "2020-06-30",
            "reportedCurrency": "USD",
            "grossProfit": "102963000",
            "totalRevenue": "331851000",
            "costOfRevenue": "228888000",
            "costofGoodsAndServicesSold": "228888000",
            "operatingIncome": "29965000",
            "sellingGeneralAndAdministrative": "34900000",
            "researchAndDevelopment": "38098000",
            "operatingExpenses": "72998000",
            "investmentIncomeNet": "None",
            "netInterestIncome": "-253000",
            "interestIncome": "None",
            "interestExpense": "253000",
            "nonInterestIncome": "1948000",
            "otherNonOperatingIncome": "11565000",
            "depreciation": "5642000",
            "depreciationAndAmortization": "2294000",
            "incomeBeforeTax": "41530000",
            "incomeTaxExpense": "4862000",
            "interestAndDebtExpense": "253000",
            "netIncomeFromContinuingOperations": "36668000",
            "comprehensiveIncomeNetOfTax": "38616000",
            "ebit": "29965000",
            "ebitda": "44077000",
            "netIncome": "36668000"
        },
        {
            "fiscalDateEnding": "2020-03-31",
            "reportedCurrency": "USD",
            "grossProfit": "140008000",
            "totalRevenue": "431218000",
            "costOfRevenue": "291210000",
            "costofGoodsAndServicesSold": "291210000",
            "operatingIncome": "67775000",
            "sellingGeneralAndAdministrative": "40438000",
            "researchAndDevelopment": "36695000",
            "operatingExpenses": "72233000",
            "investmentIncomeNet": "None",
            "netInterestIncome": "-120000",
            "interestIncome": "-16605000",
            "interestExpense": "120000",
            "nonInterestIncome": "-3581000",
            "otherNonOperatingIncome": "None",
            "depreciation": "5004000",
            "depreciationAndAmortization": "2321000",
            "incomeBeforeTax": "51170000",
            "incomeTaxExpense": "8922000",
            "interestAndDebtExpense": "120000",
            "netIncomeFromContinuingOperations": "42248000",
            "comprehensiveIncomeNetOfTax": "38667000",
            "ebit": "67775000",
            "ebitda": "53611000",
            "netIncome": "42248000"
        },
        {
            "fiscalDateEnding": "2019-12-31",
            "reportedCurrency": "USD",
            "grossProfit": "143249000",
            "totalRevenue": "418223000",
            "costOfRevenue": "274974000",
            "costofGoodsAndServicesSold": "274974000",
            "operatingIncome": "50528000",
            "sellingGeneralAndAdministrative": "35430000",
            "researchAndDevelopment": "34900000",
            "operatingExpenses": "92721000",
            "investmentIncomeNet": "None",
            "netInterestIncome": "-4762000",
            "interestIncome": "11058000",
            "interestExpense": "4762000",
            "nonInterestIncome": "-11257000",
            "otherNonOperatingIncome": "None",
            "depreciation": "4729000",
            "depreciationAndAmortization": "9747000",
            "incomeBeforeTax": "62019000",
            "incomeTaxExpense": "9241000",
            "interestAndDebtExpense": "4762000",
            "netIncomeFromContinuingOperations": "52345000",
            "comprehensiveIncomeNetOfTax": "54873000",
            "ebit": "50528000",
            "ebitda": "76528000",
            "netIncome": "52778000"
        },
        {
            "fiscalDateEnding": "2019-09-30",
            "reportedCurrency": "USD",
            "grossProfit": "139309000",
            "totalRevenue": "410556000",
            "costOfRevenue": "271247000",
            "costofGoodsAndServicesSold": "271247000",
            "operatingIncome": "66017000",
            "sellingGeneralAndAdministrative": "34240000",
            "researchAndDevelopment": "30747000",
            "operatingExpenses": "73292000",
            "investmentIncomeNet": "None",
            "netInterestIncome": "-12000",
            "interestIncome": "-17023000",
            "interestExpense": "12000",
            "nonInterestIncome": "-2461000",
            "otherNonOperatingIncome": "-17023000",
            "depreciation": "4385000",
            "depreciationAndAmortization": "2619000",
            "incomeBeforeTax": "48897000",
            "incomeTaxExpense": "7270000",
            "interestAndDebtExpense": "12000",
            "netIncomeFromContinuingOperations": "41724000",
            "comprehensiveIncomeNetOfTax": "39263000",
            "ebit": "66017000",
            "ebitda": "51528000",
            "netIncome": "41627000"
        },
        {
            "fiscalDateEnding": "2019-06-30",
            "reportedCurrency": "USD",
            "grossProfit": "110670000",
            "totalRevenue": "325010000",
            "costOfRevenue": "214340000",
            "costofGoodsAndServicesSold": "214340000",
            "operatingIncome": "45353000",
            "sellingGeneralAndAdministrative": "35812000",
            "researchAndDevelopment": "29505000",
            "operatingExpenses": "65317000",
            "investmentIncomeNet": "None",
            "netInterestIncome": "-15000",
            "interestIncome": "773000",
            "interestExpense": "15000",
            "nonInterestIncome": "325000",
            "otherNonOperatingIncome": "773000",
            "depreciation": "4277000",
            "depreciationAndAmortization": "2924000",
            "incomeBeforeTax": "46341000",
            "incomeTaxExpense": "13213000",
            "interestAndDebtExpense": "15000",
            "netIncomeFromContinuingOperations": "32913000",
            "comprehensiveIncomeNetOfTax": "33238000",
            "ebit": "45353000",
            "ebitda": "49280000",
            "netIncome": "33128000"
        },
        {
            "fiscalDateEnding": "2019-03-31",
            "reportedCurrency": "USD",
            "grossProfit": "86110000",
            "totalRevenue": "271871000",
            "costOfRevenue": "185761000",
            "costofGoodsAndServicesSold": "185761000",
            "operatingIncome": "28048000",
            "sellingGeneralAndAdministrative": "31863000",
            "researchAndDevelopment": "26199000",
            "operatingExpenses": "58062000",
            "investmentIncomeNet": "None",
            "netInterestIncome": "43000",
            "interestIncome": "-6151000",
            "interestExpense": "-43000",
            "nonInterestIncome": "-762000",
            "otherNonOperatingIncome": "-6151000",
            "depreciation": "3870000",
            "depreciationAndAmortization": "1971000",
            "incomeBeforeTax": "22938000",
            "incomeTaxExpense": "3922000",
            "interestAndDebtExpense": "-43000",
            "netIncomeFromContinuingOperations": "17975000",
            "comprehensiveIncomeNetOfTax": "17279000",
            "ebit": "28048000",
            "ebitda": "24866000",
            "netIncome": "19016000"
        },
        {
            "fiscalDateEnding": "2018-12-31",
            "reportedCurrency": "USD",
            "grossProfit": "-79242000",
            "totalRevenue": "263670000",
            "costOfRevenue": "-157336000",
            "costofGoodsAndServicesSold": "183959000",
            "operatingIncome": "-36557000",
            "sellingGeneralAndAdministrative": "31047000",
            "researchAndDevelopment": "24710000",
            "operatingExpenses": "-42685000",
            "investmentIncomeNet": "None",
            "netInterestIncome": "-1294000",
            "interestIncome": "None",
            "interestExpense": "1294000",
            "nonInterestIncome": "-294000",
            "otherNonOperatingIncome": "None",
            "depreciation": "3429000",
            "depreciationAndAmortization": "11022000",
            "incomeBeforeTax": "-36070000",
            "incomeTaxExpense": "12093000",
            "interestAndDebtExpense": "1294000",
            "netIncomeFromContinuingOperations": "-48163000",
            "comprehensiveIncomeNetOfTax": "-48318000",
            "ebit": "-34776000",
            "ebitda": "-23754000",
            "netIncome": "-48163000"
        },
        {
            "fiscalDateEnding": "2018-09-30",
            "reportedCurrency": "USD",
            "grossProfit": "77982000",
            "totalRevenue": "236578000",
            "costOfRevenue": "158596000",
            "costofGoodsAndServicesSold": "158596000",
            "operatingIncome": "34037000",
            "sellingGeneralAndAdministrative": "23836000",
            "researchAndDevelopment": "20109000",
            "operatingExpenses": "43945000",
            "investmentIncomeNet": "None",
            "netInterestIncome": "-228000",
            "interestIncome": "None",
            "interestExpense": "228000",
            "nonInterestIncome": "155000",
            "otherNonOperatingIncome": "-689000",
            "depreciation": "3016000",
            "depreciationAndAmortization": "332000",
            "incomeBeforeTax": "33348000",
            "incomeTaxExpense": "-12295000",
            "interestAndDebtExpense": "228000",
            "netIncomeFromContinuingOperations": "45643000",
            "comprehensiveIncomeNetOfTax": "45798000",
            "ebit": "34037000",
            "ebitda": "33908000",
            "netIncome": "45643000"
        },
        {
            "fiscalDateEnding": "2018-06-30",
            "reportedCurrency": "USD",
            "grossProfit": "81946000",
            "totalRevenue": "227118000",
            "costOfRevenue": "145172000",
            "costofGoodsAndServicesSold": "145172000",
            "operatingIncome": "40665000",
            "sellingGeneralAndAdministrative": "21730000",
            "researchAndDevelopment": "19551000",
            "operatingExpenses": "41281000",
            "investmentIncomeNet": "None",
            "netInterestIncome": "-236000",
            "interestIncome": "None",
            "interestExpense": "236000",
            "nonInterestIncome": "-3000",
            "otherNonOperatingIncome": "-2480000",
            "depreciation": "2587000",
            "depreciationAndAmortization": "2623000",
            "incomeBeforeTax": "38185000",
            "incomeTaxExpense": "3617000",
            "interestAndDebtExpense": "236000",
            "netIncomeFromContinuingOperations": "34568000",
            "comprehensiveIncomeNetOfTax": "34565000",
            "ebit": "40665000",
            "ebitda": "41044000",
            "netIncome": "34568000"
        },
        {
            "fiscalDateEnding": "2018-03-31",
            "reportedCurrency": "USD",
            "grossProfit": "79597000",
            "totalRevenue": "209871000",
            "costOfRevenue": "130274000",
            "costofGoodsAndServicesSold": "130274000",
            "operatingIncome": "40764000",
            "sellingGeneralAndAdministrative": "20894000",
            "researchAndDevelopment": "17875000",
            "operatingExpenses": "38833000",
            "investmentIncomeNet": "None",
            "netInterestIncome": "-778000",
            "interestIncome": "None",
            "interestExpense": "778000",
            "nonInterestIncome": "-64000",
            "otherNonOperatingIncome": "584000",
            "depreciation": "2394000",
            "depreciationAndAmortization": "2430000",
            "incomeBeforeTax": "41348000",
            "incomeTaxExpense": "5662000",
            "interestAndDebtExpense": "778000",
            "netIncomeFromContinuingOperations": "35686000",
            "comprehensiveIncomeNetOfTax": "35162000",
            "ebit": "40764000",
            "ebitda": "44556000",
            "netIncome": "35686000"
        },
        {
            "fiscalDateEnding": "2017-12-31",
            "reportedCurrency": "USD",
            "grossProfit": "70970000",
            "totalRevenue": "189340000",
            "costOfRevenue": "118370000",
            "costofGoodsAndServicesSold": "118370000",
            "operatingIncome": "34571000",
            "sellingGeneralAndAdministrative": "19979000",
            "researchAndDevelopment": "16420000",
            "operatingExpenses": "36399000",
            "investmentIncomeNet": "None",
            "netInterestIncome": "-751000",
            "interestIncome": "None",
            "interestExpense": "751000",
            "nonInterestIncome": "None",
            "otherNonOperatingIncome": "None",
            "depreciation": "2187000",
            "depreciationAndAmortization": "2079000",
            "incomeBeforeTax": "36058000",
            "incomeTaxExpense": "16556000",
            "interestAndDebtExpense": "751000",
            "netIncomeFromContinuingOperations": "-19200000",
            "comprehensiveIncomeNetOfTax": "19188000",
            "ebit": "34571000",
            "ebitda": "38888000",
            "netIncome": "19502000"
        },
        {
            "fiscalDateEnding": "2017-09-30",
            "reportedCurrency": "USD",
            "grossProfit": "58054000",
            "totalRevenue": "166552000",
            "costOfRevenue": "108498000",
            "costofGoodsAndServicesSold": "108498000",
            "operatingIncome": "25396000",
            "sellingGeneralAndAdministrative": "18295000",
            "researchAndDevelopment": "14363000",
            "operatingExpenses": "32658000",
            "investmentIncomeNet": "None",
            "netInterestIncome": "-519000",
            "interestIncome": "None",
            "interestExpense": "519000",
            "nonInterestIncome": "None",
            "otherNonOperatingIncome": "2666000",
            "depreciation": "None",
            "depreciationAndAmortization": "1802000",
            "incomeBeforeTax": "28062000",
            "incomeTaxExpense": "91000",
            "interestAndDebtExpense": "519000",
            "netIncomeFromContinuingOperations": "27971000",
            "comprehensiveIncomeNetOfTax": "28041000",
            "ebit": "25396000",
            "ebitda": "30383000",
            "netIncome": "27971000"
        },
        {
            "fiscalDateEnding": "2017-06-30",
            "reportedCurrency": "USD",
            "grossProfit": "47066000",
            "totalRevenue": "136099000",
            "costOfRevenue": "89033000",
            "costofGoodsAndServicesSold": "89033000",
            "operatingIncome": "19115000",
            "sellingGeneralAndAdministrative": "15226000",
            "researchAndDevelopment": "12725000",
            "operatingExpenses": "27951000",
            "investmentIncomeNet": "None",
            "netInterestIncome": "-408000",
            "interestIncome": "None",
            "interestExpense": "408000",
            "nonInterestIncome": "None",
            "otherNonOperatingIncome": "3595000",
            "depreciation": "None",
            "depreciationAndAmortization": "1610000",
            "incomeBeforeTax": "22710000",
            "incomeTaxExpense": "186000",
            "interestAndDebtExpense": "408000",
            "netIncomeFromContinuingOperations": "22524000",
            "comprehensiveIncomeNetOfTax": "22182000",
            "ebit": "19115000",
            "ebitda": "24728000",
            "netIncome": "22524000"
        },
        {
            "fiscalDateEnding": "2017-03-31",
            "reportedCurrency": "USD",
            "grossProfit": "38676000",
            "totalRevenue": "115054000",
            "costOfRevenue": "76378000",
            "costofGoodsAndServicesSold": "76378000",
            "operatingIncome": "12004000",
            "sellingGeneralAndAdministrative": "15214000",
            "researchAndDevelopment": "11458000",
            "operatingExpenses": "26672000",
            "investmentIncomeNet": "None",
            "netInterestIncome": "-383000",
            "interestIncome": "None",
            "interestExpense": "383000",
            "nonInterestIncome": "None",
            "otherNonOperatingIncome": "1410000",
            "depreciation": "None",
            "depreciationAndAmortization": "1520000",
            "incomeBeforeTax": "13414000",
            "incomeTaxExpense": "-761000",
            "interestAndDebtExpense": "383000",
            "netIncomeFromContinuingOperations": "14175000",
            "comprehensiveIncomeNetOfTax": "14474000",
            "ebit": "12004000",
            "ebitda": "15317000",
            "netIncome": "14175000"
        }
    ]
}