{
    "symbol": "SNA",
    "annualReports": [
        {
            "fiscalDateEnding": "2021-12-31",
            "reportedCurrency": "USD",
            "grossProfit": "4520700000",
            "totalRevenue": "4601700000",
            "costOfRevenue": "81000000",
            "costofGoodsAndServicesSold": "2218900000",
            "operatingIncome": "1123500000",
            "sellingGeneralAndAdministrative": "33200000",
            "researchAndDevelopment": "61100000",
            "operatingExpenses": "140700000",
            "investmentIncomeNet": "2100000",
            "netInterestIncome": "-53100000",
            "interestIncome": "-53100000",
            "interestExpense": "53100000",
            "nonInterestIncome": "4225400000",
            "otherNonOperatingIncome": "16500000",
            "depreciation": "75600000",
            "depreciationAndAmortization": "30900000",
            "incomeBeforeTax": "1067500000",
            "incomeTaxExpense": "247000000",
            "interestAndDebtExpense": "53100000",
            "netIncomeFromContinuingOperations": "841400000",
            "comprehensiveIncomeNetOfTax": "842400000",
            "ebit": "1120600000",
            "ebitda": "1151500000",
            "netIncome": "820500000"
        },
        {
            "fiscalDateEnding": "2020-12-31",
            "reportedCurrency": "USD",
            "grossProfit": "3822900000",
            "totalRevenue": "3942200000",
            "costOfRevenue": "119300000",
            "costofGoodsAndServicesSold": "1945100000",
            "operatingIncome": "880500000",
            "sellingGeneralAndAdministrative": "38000000",
            "researchAndDevelopment": "57400000",
            "operatingExpenses": "151600000",
            "investmentIncomeNet": "1700000",
            "netInterestIncome": "-54000000",
            "interestIncome": "-54000000",
            "interestExpense": "54000000",
            "nonInterestIncome": "3564000000",
            "otherNonOperatingIncome": "8700000",
            "depreciation": "73300000",
            "depreciationAndAmortization": "25100000",
            "incomeBeforeTax": "816100000",
            "incomeTaxExpense": "189100000",
            "interestAndDebtExpense": "54000000",
            "netIncomeFromContinuingOperations": "646400000",
            "comprehensiveIncomeNetOfTax": "769100000",
            "ebit": "870100000",
            "ebitda": "895200000",
            "netIncome": "627000000"
        },
        {
            "fiscalDateEnding": "2019-12-31",
            "reportedCurrency": "USD",
            "grossProfit": "3956700000",
            "totalRevenue": "4067700000",
            "costOfRevenue": "111000000",
            "costofGoodsAndServicesSold": "1886000000",
            "operatingIncome": "962300000",
            "sellingGeneralAndAdministrative": "47700000",
            "researchAndDevelopment": "59100000",
            "operatingExpenses": "137300000",
            "investmentIncomeNet": "1500000",
            "netInterestIncome": "-49000000",
            "interestIncome": "1500000",
            "interestExpense": "49000000",
            "nonInterestIncome": "3703800000",
            "otherNonOperatingIncome": "8800000",
            "depreciation": "70100000",
            "depreciationAndAmortization": "23800000",
            "incomeBeforeTax": "905300000",
            "incomeTaxExpense": "211800000",
            "interestAndDebtExpense": "49000000",
            "netIncomeFromContinuingOperations": "711200000",
            "comprehensiveIncomeNetOfTax": "693700000",
            "ebit": "954300000",
            "ebitda": "978100000",
            "netIncome": "693500000"
        },
        {
            "fiscalDateEnding": "2018-12-31",
            "reportedCurrency": "USD",
            "grossProfit": "3902700000",
            "totalRevenue": "4070400000",
            "costOfRevenue": "167700000",
            "costofGoodsAndServicesSold": "1870700000",
            "operatingIncome": "956100000",
            "sellingGeneralAndAdministrative": "88600000",
            "researchAndDevelopment": "61200000",
            "operatingExpenses": "183600000",
            "investmentIncomeNet": "600000",
            "netInterestIncome": "-50400000",
            "interestIncome": "600000",
            "interestExpense": "50400000",
            "nonInterestIncome": "3720700000",
            "otherNonOperatingIncome": "4200000",
            "depreciation": "68800000",
            "depreciationAndAmortization": "25300000",
            "incomeBeforeTax": "894300000",
            "incomeTaxExpense": "214400000",
            "interestAndDebtExpense": "58200000",
            "netIncomeFromContinuingOperations": "696200000",
            "comprehensiveIncomeNetOfTax": "546700000",
            "ebit": "944700000",
            "ebitda": "970000000",
            "netIncome": "679900000"
        },
        {
            "fiscalDateEnding": "2017-12-31",
            "reportedCurrency": "USD",
            "grossProfit": "1824900000",
            "totalRevenue": "4000300000",
            "costOfRevenue": "2175400000",
            "costofGoodsAndServicesSold": "1862000000",
            "operatingIncome": "882100000",
            "sellingGeneralAndAdministrative": "90900000",
            "researchAndDevelopment": "60900000",
            "operatingExpenses": "1160900000",
            "investmentIncomeNet": "300000",
            "netInterestIncome": "-52400000",
            "interestIncome": "300000",
            "interestExpense": "52400000",
            "nonInterestIncome": "-6800000",
            "otherNonOperatingIncome": "-7800000",
            "depreciation": "65600000",
            "depreciationAndAmortization": "27600000",
            "incomeBeforeTax": "808600000",
            "incomeTaxExpense": "250900000",
            "interestAndDebtExpense": "52400000",
            "netIncomeFromContinuingOperations": "572200000",
            "comprehensiveIncomeNetOfTax": "727200000",
            "ebit": "861000000",
            "ebitda": "888600000",
            "netIncome": "557700000"
        }
    ],
    "quarterlyReports": [
        {
            "fiscalDateEnding": "2021-12-31",
            "reportedCurrency": "USD",
            "grossProfit": "2110000000",
            "totalRevenue": "1195200000",
            "costOfRevenue": "2141000000",
            "costofGoodsAndServicesSold": "2141000000",
            "operatingIncome": "299400000",
            "sellingGeneralAndAdministrative": "None",
            "researchAndDevelopment": "None",
            "operatingExpenses": "-1259000000",
            "investmentIncomeNet": "None",
            "netInterestIncome": "-11300000",
            "interestIncome": "-11300000",
            "interestExpense": "11300000",
            "nonInterestIncome": "None",
            "otherNonOperatingIncome": "5100000",
            "depreciation": "19200000",
            "depreciationAndAmortization": "75000000",
            "incomeBeforeTax": "287800000",
            "incomeTaxExpense": "64100000",
            "interestAndDebtExpense": "None",
            "netIncomeFromContinuingOperations": "229100000",
            "comprehensiveIncomeNetOfTax": "274600000",
            "ebit": "299100000",
            "ebitda": "894000000",
            "netIncome": "223700000"
        },
        {
            "fiscalDateEnding": "2021-09-30",
            "reportedCurrency": "USD",
            "grossProfit": "591300000",
            "totalRevenue": "1125000000",
            "costOfRevenue": "533700000",
            "costofGoodsAndServicesSold": "533700000",
            "operatingIncome": "271900000",
            "sellingGeneralAndAdministrative": "None",
            "researchAndDevelopment": "None",
            "operatingExpenses": "319400000",
            "investmentIncomeNet": "None",
            "netInterestIncome": "-12800000",
            "interestIncome": "400000",
            "interestExpense": "13200000",
            "nonInterestIncome": "None",
            "otherNonOperatingIncome": "3700000",
            "depreciation": "18500000",
            "depreciationAndAmortization": "24900000",
            "incomeBeforeTax": "257100000",
            "incomeTaxExpense": "60900000",
            "interestAndDebtExpense": "None",
            "netIncomeFromContinuingOperations": "201500000",
            "comprehensiveIncomeNetOfTax": "164100000",
            "ebit": "270300000",
            "ebitda": "295200000",
            "netIncome": "196200000"
        },
        {
            "fiscalDateEnding": "2021-06-30",
            "reportedCurrency": "USD",
            "grossProfit": "612000000",
            "totalRevenue": "1168300000",
            "costOfRevenue": "556300000",
            "costofGoodsAndServicesSold": "556300000",
            "operatingIncome": "286000000",
            "sellingGeneralAndAdministrative": "None",
            "researchAndDevelopment": "None",
            "operatingExpenses": "326000000",
            "investmentIncomeNet": "None",
            "netInterestIncome": "-13900000",
            "interestIncome": "400000",
            "interestExpense": "14300000",
            "nonInterestIncome": "None",
            "otherNonOperatingIncome": "3400000",
            "depreciation": "19200000",
            "depreciationAndAmortization": "25500000",
            "incomeBeforeTax": "270900000",
            "incomeTaxExpense": "62900000",
            "interestAndDebtExpense": "None",
            "netIncomeFromContinuingOperations": "213200000",
            "comprehensiveIncomeNetOfTax": "233600000",
            "ebit": "285200000",
            "ebitda": "310700000",
            "netIncome": "208000000"
        },
        {
            "fiscalDateEnding": "2021-03-31",
            "reportedCurrency": "USD",
            "grossProfit": "578900000",
            "totalRevenue": "1113200000",
            "costOfRevenue": "534300000",
            "costofGoodsAndServicesSold": "534300000",
            "operatingIncome": "266200000",
            "sellingGeneralAndAdministrative": "None",
            "researchAndDevelopment": "None",
            "operatingExpenses": "312700000",
            "investmentIncomeNet": "None",
            "netInterestIncome": "-13900000",
            "interestIncome": "400000",
            "interestExpense": "14300000",
            "nonInterestIncome": "None",
            "otherNonOperatingIncome": "4300000",
            "depreciation": "18700000",
            "depreciationAndAmortization": "24700000",
            "incomeBeforeTax": "251700000",
            "incomeTaxExpense": "59100000",
            "interestAndDebtExpense": "None",
            "netIncomeFromContinuingOperations": "197100000",
            "comprehensiveIncomeNetOfTax": "170100000",
            "ebit": "266000000",
            "ebitda": "290700000",
            "netIncome": "192600000"
        },
        {
            "fiscalDateEnding": "2020-12-31",
            "reportedCurrency": "USD",
            "grossProfit": "1110300000",
            "totalRevenue": "1167800000",
            "costOfRevenue": "57500000",
            "costofGoodsAndServicesSold": "583100000",
            "operatingIncome": "284700000",
            "sellingGeneralAndAdministrative": "None",
            "researchAndDevelopment": "None",
            "operatingExpenses": "109800000",
            "investmentIncomeNet": "500000",
            "netInterestIncome": "-15400000",
            "interestIncome": "-15400000",
            "interestExpense": "15400000",
            "nonInterestIncome": "1068300000",
            "otherNonOperatingIncome": "2400000",
            "depreciation": "19000000",
            "depreciationAndAmortization": "7900000",
            "incomeBeforeTax": "267100000",
            "incomeTaxExpense": "58200000",
            "interestAndDebtExpense": "15400000",
            "netIncomeFromContinuingOperations": "213800000",
            "comprehensiveIncomeNetOfTax": "308700000",
            "ebit": "282500000",
            "ebitda": "290400000",
            "netIncome": "208900000"
        },
        {
            "fiscalDateEnding": "2020-09-30",
            "reportedCurrency": "USD",
            "grossProfit": "1024200000",
            "totalRevenue": "1027400000",
            "costOfRevenue": "3200000",
            "costofGoodsAndServicesSold": "492300000",
            "operatingIncome": "251300000",
            "sellingGeneralAndAdministrative": "None",
            "researchAndDevelopment": "None",
            "operatingExpenses": "9900000",
            "investmentIncomeNet": "500000",
            "netInterestIncome": "-13800000",
            "interestIncome": "-13700000",
            "interestExpense": "13800000",
            "nonInterestIncome": "935400000",
            "otherNonOperatingIncome": "2800000",
            "depreciation": "18100000",
            "depreciationAndAmortization": "5800000",
            "incomeBeforeTax": "234800000",
            "incomeTaxExpense": "55100000",
            "interestAndDebtExpense": "13800000",
            "netIncomeFromContinuingOperations": "184700000",
            "comprehensiveIncomeNetOfTax": "228500000",
            "ebit": "248600000",
            "ebitda": "254400000",
            "netIncome": "179700000"
        },
        {
            "fiscalDateEnding": "2020-06-30",
            "reportedCurrency": "USD",
            "grossProfit": "801700000",
            "totalRevenue": "808900000",
            "costOfRevenue": "7200000",
            "costofGoodsAndServicesSold": "378000000",
            "operatingIncome": "148700000",
            "sellingGeneralAndAdministrative": "None",
            "researchAndDevelopment": "None",
            "operatingExpenses": "15100000",
            "investmentIncomeNet": "300000",
            "netInterestIncome": "-13400000",
            "interestIncome": "300000",
            "interestExpense": "13400000",
            "nonInterestIncome": "717700000",
            "otherNonOperatingIncome": "2000000",
            "depreciation": "18100000",
            "depreciationAndAmortization": "5700000",
            "incomeBeforeTax": "133100000",
            "incomeTaxExpense": "31900000",
            "interestAndDebtExpense": "13400000",
            "netIncomeFromContinuingOperations": "105900000",
            "comprehensiveIncomeNetOfTax": "196700000",
            "ebit": "146500000",
            "ebitda": "152200000",
            "netIncome": "101200000"
        },
        {
            "fiscalDateEnding": "2020-03-31",
            "reportedCurrency": "USD",
            "grossProfit": "911600000",
            "totalRevenue": "938100000",
            "costOfRevenue": "26500000",
            "costofGoodsAndServicesSold": "425500000",
            "operatingIncome": "195800000",
            "sellingGeneralAndAdministrative": "None",
            "researchAndDevelopment": "None",
            "operatingExpenses": "16800000",
            "investmentIncomeNet": "400000",
            "netInterestIncome": "-11400000",
            "interestIncome": "400000",
            "interestExpense": "11400000",
            "nonInterestIncome": "844600000",
            "otherNonOperatingIncome": "1500000",
            "depreciation": "18100000",
            "depreciationAndAmortization": "5700000",
            "incomeBeforeTax": "181100000",
            "incomeTaxExpense": "43900000",
            "interestAndDebtExpense": "11400000",
            "netIncomeFromContinuingOperations": "142000000",
            "comprehensiveIncomeNetOfTax": "35200000",
            "ebit": "192500000",
            "ebitda": "198200000",
            "netIncome": "137200000"
        },
        {
            "fiscalDateEnding": "2019-12-31",
            "reportedCurrency": "USD",
            "grossProfit": "973800000",
            "totalRevenue": "1039100000",
            "costOfRevenue": "65300000",
            "costofGoodsAndServicesSold": "504700000",
            "operatingIncome": "233600000",
            "sellingGeneralAndAdministrative": "276200000",
            "researchAndDevelopment": "None",
            "operatingExpenses": "117100000",
            "investmentIncomeNet": "400000",
            "netInterestIncome": "-12100000",
            "interestIncome": "400000",
            "interestExpense": "12100000",
            "nonInterestIncome": "948900000",
            "otherNonOperatingIncome": "2400000",
            "depreciation": "17900000",
            "depreciationAndAmortization": "6400000",
            "incomeBeforeTax": "219500000",
            "incomeTaxExpense": "48900000",
            "interestAndDebtExpense": "12100000",
            "netIncomeFromContinuingOperations": "175000000",
            "comprehensiveIncomeNetOfTax": "206600000",
            "ebit": "231600000",
            "ebitda": "238000000",
            "netIncome": "170600000"
        },
        {
            "fiscalDateEnding": "2019-09-30",
            "reportedCurrency": "USD",
            "grossProfit": "971100000",
            "totalRevenue": "985900000",
            "costOfRevenue": "14800000",
            "costofGoodsAndServicesSold": "453700000",
            "operatingIncome": "228700000",
            "sellingGeneralAndAdministrative": "277900000",
            "researchAndDevelopment": "None",
            "operatingExpenses": "5900000",
            "investmentIncomeNet": "400000",
            "netInterestIncome": "-12000000",
            "interestIncome": "400000",
            "interestExpense": "12000000",
            "nonInterestIncome": "896000000",
            "otherNonOperatingIncome": "2800000",
            "depreciation": "17400000",
            "depreciationAndAmortization": "5900000",
            "incomeBeforeTax": "215000000",
            "incomeTaxExpense": "50400000",
            "interestAndDebtExpense": "12000000",
            "netIncomeFromContinuingOperations": "169200000",
            "comprehensiveIncomeNetOfTax": "121400000",
            "ebit": "227000000",
            "ebitda": "232900000",
            "netIncome": "164600000"
        },
        {
            "fiscalDateEnding": "2019-06-30",
            "reportedCurrency": "USD",
            "grossProfit": "1020500000",
            "totalRevenue": "1035400000",
            "costOfRevenue": "14900000",
            "costofGoodsAndServicesSold": "477500000",
            "operatingIncome": "250500000",
            "sellingGeneralAndAdministrative": "281100000",
            "researchAndDevelopment": "None",
            "operatingExpenses": "5800000",
            "investmentIncomeNet": "300000",
            "netInterestIncome": "-12400000",
            "interestIncome": "300000",
            "interestExpense": "12400000",
            "nonInterestIncome": "944800000",
            "otherNonOperatingIncome": "2100000",
            "depreciation": "17600000",
            "depreciationAndAmortization": "5800000",
            "incomeBeforeTax": "236000000",
            "incomeTaxExpense": "55600000",
            "interestAndDebtExpense": "12400000",
            "netIncomeFromContinuingOperations": "184900000",
            "comprehensiveIncomeNetOfTax": "176100000",
            "ebit": "248400000",
            "ebitda": "254200000",
            "netIncome": "180400000"
        },
        {
            "fiscalDateEnding": "2019-03-31",
            "reportedCurrency": "USD",
            "grossProfit": "991600000",
            "totalRevenue": "1007300000",
            "costOfRevenue": "15700000",
            "costofGoodsAndServicesSold": "450100000",
            "operatingIncome": "249500000",
            "sellingGeneralAndAdministrative": "293600000",
            "researchAndDevelopment": "None",
            "operatingExpenses": "-1200000",
            "investmentIncomeNet": "400000",
            "netInterestIncome": "-12500000",
            "interestIncome": "400000",
            "interestExpense": "12500000",
            "nonInterestIncome": "914600000",
            "otherNonOperatingIncome": "1500000",
            "depreciation": "17200000",
            "depreciationAndAmortization": "5400000",
            "incomeBeforeTax": "234800000",
            "incomeTaxExpense": "56900000",
            "interestAndDebtExpense": "12500000",
            "netIncomeFromContinuingOperations": "182100000",
            "comprehensiveIncomeNetOfTax": "189600000",
            "ebit": "247300000",
            "ebitda": "252700000",
            "netIncome": "177900000"
        },
        {
            "fiscalDateEnding": "2018-12-31",
            "reportedCurrency": "USD",
            "grossProfit": "928200000",
            "totalRevenue": "1035200000",
            "costOfRevenue": "107000000",
            "costofGoodsAndServicesSold": "495100000",
            "operatingIncome": "238200000",
            "sellingGeneralAndAdministrative": "278600000",
            "researchAndDevelopment": "61200000",
            "operatingExpenses": "155000000",
            "investmentIncomeNet": "200000",
            "netInterestIncome": "-12400000",
            "interestIncome": "None",
            "interestExpense": "12400000",
            "nonInterestIncome": "961100000",
            "otherNonOperatingIncome": "3000000",
            "depreciation": "16800000",
            "depreciationAndAmortization": "6100000",
            "incomeBeforeTax": "224500000",
            "incomeTaxExpense": "49500000",
            "interestAndDebtExpense": "12400000",
            "netIncomeFromContinuingOperations": "179300000",
            "comprehensiveIncomeNetOfTax": "82500000",
            "ebit": "236900000",
            "ebitda": "243000000",
            "netIncome": "175000000"
        },
        {
            "fiscalDateEnding": "2018-09-30",
            "reportedCurrency": "USD",
            "grossProfit": "961800000",
            "totalRevenue": "980100000",
            "costOfRevenue": "18300000",
            "costofGoodsAndServicesSold": "444200000",
            "operatingIncome": "232400000",
            "sellingGeneralAndAdministrative": "279500000",
            "researchAndDevelopment": "None",
            "operatingExpenses": "6200000",
            "investmentIncomeNet": "100000",
            "netInterestIncome": "-12400000",
            "interestIncome": "None",
            "interestExpense": "12400000",
            "nonInterestIncome": "890900000",
            "otherNonOperatingIncome": "-1000000",
            "depreciation": "17000000",
            "depreciationAndAmortization": "6200000",
            "incomeBeforeTax": "214700000",
            "incomeTaxExpense": "51500000",
            "interestAndDebtExpense": "12400000",
            "netIncomeFromContinuingOperations": "167400000",
            "comprehensiveIncomeNetOfTax": "170800000",
            "ebit": "227100000",
            "ebitda": "233300000",
            "netIncome": "163200000"
        },
        {
            "fiscalDateEnding": "2018-06-30",
            "reportedCurrency": "USD",
            "grossProfit": "487100000",
            "totalRevenue": "1036600000",
            "costOfRevenue": "549500000",
            "costofGoodsAndServicesSold": "467500000",
            "operatingIncome": "250900000",
            "sellingGeneralAndAdministrative": "294000000",
            "researchAndDevelopment": "None",
            "operatingExpenses": "294000000",
            "investmentIncomeNet": "200000",
            "netInterestIncome": "-12000000",
            "interestIncome": "None",
            "interestExpense": "12000000",
            "nonInterestIncome": "954300000",
            "otherNonOperatingIncome": "-600000",
            "depreciation": "17600000",
            "depreciationAndAmortization": "6400000",
            "incomeBeforeTax": "234500000",
            "incomeTaxExpense": "55800000",
            "interestAndDebtExpense": "12000000",
            "netIncomeFromContinuingOperations": "182700000",
            "comprehensiveIncomeNetOfTax": "86800000",
            "ebit": "246500000",
            "ebitda": "252900000",
            "netIncome": "178700000"
        },
        {
            "fiscalDateEnding": "2018-03-31",
            "reportedCurrency": "USD",
            "grossProfit": "471600000",
            "totalRevenue": "1018500000",
            "costOfRevenue": "546900000",
            "costofGoodsAndServicesSold": "463900000",
            "operatingIncome": "234600000",
            "sellingGeneralAndAdministrative": "320000000",
            "researchAndDevelopment": "None",
            "operatingExpenses": "293900000",
            "investmentIncomeNet": "100000",
            "netInterestIncome": "-13600000",
            "interestIncome": "None",
            "interestExpense": "13600000",
            "nonInterestIncome": "925700000",
            "otherNonOperatingIncome": "2800000",
            "depreciation": "17400000",
            "depreciationAndAmortization": "6600000",
            "incomeBeforeTax": "220600000",
            "incomeTaxExpense": "57600000",
            "interestAndDebtExpense": "21400000",
            "netIncomeFromContinuingOperations": "166800000",
            "comprehensiveIncomeNetOfTax": "206600000",
            "ebit": "234200000",
            "ebitda": "240800000",
            "netIncome": "163000000"
        },
        {
            "fiscalDateEnding": "2017-12-31",
            "reportedCurrency": "USD",
            "grossProfit": "465300000",
            "totalRevenue": "1054500000",
            "costOfRevenue": "589200000",
            "costofGoodsAndServicesSold": "509300000",
            "operatingIncome": "212400000",
            "sellingGeneralAndAdministrative": "302200000",
            "researchAndDevelopment": "60900000",
            "operatingExpenses": "307600000",
            "investmentIncomeNet": "100000",
            "netInterestIncome": "-13600000",
            "interestIncome": "None",
            "interestExpense": "13600000",
            "nonInterestIncome": "-1200000",
            "otherNonOperatingIncome": "-1800000",
            "depreciation": "16900000",
            "depreciationAndAmortization": "6900000",
            "incomeBeforeTax": "193300000",
            "incomeTaxExpense": "63800000",
            "interestAndDebtExpense": "13600000",
            "netIncomeFromContinuingOperations": "465300000",
            "comprehensiveIncomeNetOfTax": "142300000",
            "ebit": "206900000",
            "ebitda": "213800000",
            "netIncome": "129500000"
        },
        {
            "fiscalDateEnding": "2017-09-30",
            "reportedCurrency": "USD",
            "grossProfit": "448600000",
            "totalRevenue": "982800000",
            "costOfRevenue": "534200000",
            "costofGoodsAndServicesSold": "455200000",
            "operatingIncome": "208700000",
            "sellingGeneralAndAdministrative": "304100000",
            "researchAndDevelopment": "None",
            "operatingExpenses": "295500000",
            "investmentIncomeNet": "0",
            "netInterestIncome": "-13100000",
            "interestIncome": "None",
            "interestExpense": "13100000",
            "nonInterestIncome": "-2000000",
            "otherNonOperatingIncome": "-1700000",
            "depreciation": "16400000",
            "depreciationAndAmortization": "7100000",
            "incomeBeforeTax": "190600000",
            "incomeTaxExpense": "57200000",
            "interestAndDebtExpense": "13100000",
            "netIncomeFromContinuingOperations": "137100000",
            "comprehensiveIncomeNetOfTax": "188600000",
            "ebit": "203700000",
            "ebitda": "210800000",
            "netIncome": "133400000"
        },
        {
            "fiscalDateEnding": "2017-06-30",
            "reportedCurrency": "USD",
            "grossProfit": "463200000",
            "totalRevenue": "999100000",
            "costOfRevenue": "535900000",
            "costofGoodsAndServicesSold": "458200000",
            "operatingIncome": "238300000",
            "sellingGeneralAndAdministrative": "302700000",
            "researchAndDevelopment": "None",
            "operatingExpenses": "279500000",
            "investmentIncomeNet": "100000",
            "netInterestIncome": "-13000000",
            "interestIncome": "None",
            "interestExpense": "13000000",
            "nonInterestIncome": "-2000000",
            "otherNonOperatingIncome": "-1900000",
            "depreciation": "16300000",
            "depreciationAndAmortization": "6500000",
            "incomeBeforeTax": "220500000",
            "incomeTaxExpense": "67300000",
            "interestAndDebtExpense": "13000000",
            "netIncomeFromContinuingOperations": "463000000",
            "comprehensiveIncomeNetOfTax": "206600000",
            "ebit": "233500000",
            "ebitda": "240000000",
            "netIncome": "153200000"
        },
        {
            "fiscalDateEnding": "2017-03-31",
            "reportedCurrency": "USD",
            "grossProfit": "448300000",
            "totalRevenue": "963900000",
            "costOfRevenue": "515600000",
            "costofGoodsAndServicesSold": "438800000",
            "operatingIncome": "222700000",
            "sellingGeneralAndAdministrative": "302000000",
            "researchAndDevelopment": "None",
            "operatingExpenses": "278100000",
            "investmentIncomeNet": "100000",
            "netInterestIncome": "-12700000",
            "interestIncome": "None",
            "interestExpense": "12700000",
            "nonInterestIncome": "-1500000",
            "otherNonOperatingIncome": "-2400000",
            "depreciation": "16000000",
            "depreciationAndAmortization": "7100000",
            "incomeBeforeTax": "204200000",
            "incomeTaxExpense": "62600000",
            "interestAndDebtExpense": "12700000",
            "netIncomeFromContinuingOperations": "448000000",
            "comprehensiveIncomeNetOfTax": "189700000",
            "ebit": "216900000",
            "ebitda": "224000000",
            "netIncome": "141600000"
        }
    ]
}