{
    "symbol": "STE",
    "annualReports": [
        {
            "fiscalDateEnding": "2021-03-31",
            "reportedCurrency": "USD",
            "grossProfit": "1343100000",
            "totalRevenue": "3107519000",
            "costOfRevenue": "1764419000",
            "costofGoodsAndServicesSold": "1764419000",
            "operatingIncome": "548368000",
            "sellingGeneralAndAdministrative": "731320000",
            "researchAndDevelopment": "66326000",
            "operatingExpenses": "794732000",
            "investmentIncomeNet": "None",
            "netInterestIncome": "-37180000",
            "interestIncome": "6345000",
            "interestExpense": "37180000",
            "nonInterestIncome": "-48000",
            "otherNonOperatingIncome": "6345000",
            "depreciation": "132725000",
            "depreciationAndAmortization": "86512000",
            "incomeBeforeTax": "518063000",
            "incomeTaxExpense": "120663000",
            "interestAndDebtExpense": "37180000",
            "netIncomeFromContinuingOperations": "396870000",
            "comprehensiveIncomeNetOfTax": "571620000",
            "ebit": "555243000",
            "ebitda": "641755000",
            "netIncome": "397400000"
        },
        {
            "fiscalDateEnding": "2020-03-31",
            "reportedCurrency": "USD",
            "grossProfit": "1319996000",
            "totalRevenue": "3030895000",
            "costOfRevenue": "1710972000",
            "costofGoodsAndServicesSold": "1710899000",
            "operatingIncome": "537046000",
            "sellingGeneralAndAdministrative": "716731000",
            "researchAndDevelopment": "65546000",
            "operatingExpenses": "782950000",
            "investmentIncomeNet": "None",
            "netInterestIncome": "-40279000",
            "interestIncome": "-38292000",
            "interestExpense": "40279000",
            "nonInterestIncome": "-1596000",
            "otherNonOperatingIncome": "1987000",
            "depreciation": "122707000",
            "depreciationAndAmortization": "74528000",
            "incomeBeforeTax": "498554000",
            "incomeTaxExpense": "90895000",
            "interestAndDebtExpense": "40279000",
            "netIncomeFromContinuingOperations": "407805000",
            "comprehensiveIncomeNetOfTax": "331974000",
            "ebit": "538833000",
            "ebitda": "613361000",
            "netIncome": "407659000"
        },
        {
            "fiscalDateEnding": "2019-03-31",
            "reportedCurrency": "USD",
            "grossProfit": "1174986000",
            "totalRevenue": "2782170000",
            "costOfRevenue": "1606743000",
            "costofGoodsAndServicesSold": "1607184000",
            "operatingIncome": "411024000",
            "sellingGeneralAndAdministrative": "669937000",
            "researchAndDevelopment": "63038000",
            "operatingExpenses": "763962000",
            "investmentIncomeNet": "None",
            "netInterestIncome": "-45015000",
            "interestIncome": "-41995000",
            "interestExpense": "45015000",
            "nonInterestIncome": "446000",
            "otherNonOperatingIncome": "3020000",
            "depreciation": "127174000",
            "depreciationAndAmortization": "98747000",
            "incomeBeforeTax": "368004000",
            "incomeTaxExpense": "64283000",
            "interestAndDebtExpense": "45015000",
            "netIncomeFromContinuingOperations": "305076000",
            "comprehensiveIncomeNetOfTax": "134228000",
            "ebit": "413019000",
            "ebitda": "511766000",
            "netIncome": "303721000"
        }
    ],
    "quarterlyReports": [
        {
            "fiscalDateEnding": "2021-12-31",
            "reportedCurrency": "USD",
            "grossProfit": "538114000",
            "totalRevenue": "1208971000",
            "costOfRevenue": "670857000",
            "costofGoodsAndServicesSold": "670857000",
            "operatingIncome": "202933000",
            "sellingGeneralAndAdministrative": "310564000",
            "researchAndDevelopment": "24824000",
            "operatingExpenses": "335181000",
            "investmentIncomeNet": "None",
            "netInterestIncome": "-22971000",
            "interestIncome": "-20524000",
            "interestExpense": "22971000",
            "nonInterestIncome": "-489000",
            "otherNonOperatingIncome": "2447000",
            "depreciation": "None",
            "depreciationAndAmortization": "319273000",
            "incomeBeforeTax": "182938000",
            "incomeTaxExpense": "39315000",
            "interestAndDebtExpense": "22971000",
            "netIncomeFromContinuingOperations": "143094000",
            "comprehensiveIncomeNetOfTax": "112478000",
            "ebit": "205909000",
            "ebitda": "501682000",
            "netIncome": "143623000"
        },
        {
            "fiscalDateEnding": "2021-09-30",
            "reportedCurrency": "USD",
            "grossProfit": "480344000",
            "totalRevenue": "1196985000",
            "costOfRevenue": "716641000",
            "costofGoodsAndServicesSold": "716641000",
            "operatingIncome": "116503000",
            "sellingGeneralAndAdministrative": "344799000",
            "researchAndDevelopment": "18832000",
            "operatingExpenses": "363841000",
            "investmentIncomeNet": "None",
            "netInterestIncome": "-23036000",
            "interestIncome": "-22013000",
            "interestExpense": "23036000",
            "nonInterestIncome": "15000",
            "otherNonOperatingIncome": "1023000",
            "depreciation": "None",
            "depreciationAndAmortization": "118042000",
            "incomeBeforeTax": "89793000",
            "incomeTaxExpense": "19982000",
            "interestAndDebtExpense": "23036000",
            "netIncomeFromContinuingOperations": "69625000",
            "comprehensiveIncomeNetOfTax": "895000",
            "ebit": "112829000",
            "ebitda": "230871000",
            "netIncome": "69811000"
        },
        {
            "fiscalDateEnding": "2021-06-30",
            "reportedCurrency": "USD",
            "grossProfit": "426282000",
            "totalRevenue": "968422000",
            "costOfRevenue": "542140000",
            "costofGoodsAndServicesSold": "542140000",
            "operatingIncome": "14324000",
            "sellingGeneralAndAdministrative": "393752000",
            "researchAndDevelopment": "18192000",
            "operatingExpenses": "411958000",
            "investmentIncomeNet": "None",
            "netInterestIncome": "-21812000",
            "interestIncome": "1434000",
            "interestExpense": "21812000",
            "nonInterestIncome": "-1243000",
            "otherNonOperatingIncome": "1434000",
            "depreciation": "None",
            "depreciationAndAmortization": "83621000",
            "incomeBeforeTax": "-28882000",
            "incomeTaxExpense": "-7075000",
            "interestAndDebtExpense": "21812000",
            "netIncomeFromContinuingOperations": "-21902000",
            "comprehensiveIncomeNetOfTax": "2619000",
            "ebit": "-7070000",
            "ebitda": "76551000",
            "netIncome": "-21807000"
        },
        {
            "fiscalDateEnding": "2021-03-31",
            "reportedCurrency": "USD",
            "grossProfit": "379818000",
            "totalRevenue": "873531000",
            "costOfRevenue": "493713000",
            "costofGoodsAndServicesSold": "491897000",
            "operatingIncome": "146074000",
            "sellingGeneralAndAdministrative": "221070000",
            "researchAndDevelopment": "17514000",
            "operatingExpenses": "235560000",
            "investmentIncomeNet": "None",
            "netInterestIncome": "-10124000",
            "interestIncome": "1569000",
            "interestExpense": "10124000",
            "nonInterestIncome": "822000",
            "otherNonOperatingIncome": "1569000",
            "depreciation": "None",
            "depreciationAndAmortization": "59044000",
            "incomeBeforeTax": "136812000",
            "incomeTaxExpense": "49369000",
            "interestAndDebtExpense": "10124000",
            "netIncomeFromContinuingOperations": "379818000",
            "comprehensiveIncomeNetOfTax": "29994000",
            "ebit": "146936000",
            "ebitda": "207388000",
            "netIncome": "87443000"
        },
        {
            "fiscalDateEnding": "2020-12-31",
            "reportedCurrency": "USD",
            "grossProfit": "345861000",
            "totalRevenue": "808924000",
            "costOfRevenue": "463063000",
            "costofGoodsAndServicesSold": "463063",
            "operatingIncome": "147030000",
            "sellingGeneralAndAdministrative": "182373000",
            "researchAndDevelopment": "16438000",
            "operatingExpenses": "198831000",
            "investmentIncomeNet": "None",
            "netInterestIncome": "-8899000",
            "interestIncome": "1299000",
            "interestExpense": "8899000",
            "nonInterestIncome": "0",
            "otherNonOperatingIncome": "1299000",
            "depreciation": "None",
            "depreciationAndAmortization": "160193",
            "incomeBeforeTax": "139343000",
            "incomeTaxExpense": "24842000",
            "interestAndDebtExpense": "8899000",
            "netIncomeFromContinuingOperations": "114588000",
            "comprehensiveIncomeNetOfTax": "242728000",
            "ebit": "148242000",
            "ebitda": "34015781",
            "netIncome": "114501000"
        },
        {
            "fiscalDateEnding": "2020-09-30",
            "reportedCurrency": "USD",
            "grossProfit": "330037000",
            "totalRevenue": "756132000",
            "costOfRevenue": "426095000",
            "costofGoodsAndServicesSold": "42731000",
            "operatingIncome": "141263000",
            "sellingGeneralAndAdministrative": "172707000",
            "researchAndDevelopment": "16143000",
            "operatingExpenses": "188774000",
            "investmentIncomeNet": "None",
            "netInterestIncome": "-8665000",
            "interestIncome": "-7477000",
            "interestExpense": "8665000",
            "nonInterestIncome": "5000",
            "otherNonOperatingIncome": "1188000",
            "depreciation": "None",
            "depreciationAndAmortization": "54418000",
            "incomeBeforeTax": "133636000",
            "incomeTaxExpense": "27778000",
            "interestAndDebtExpense": "8665000",
            "netIncomeFromContinuingOperations": "106008000",
            "comprehensiveIncomeNetOfTax": "183599000",
            "ebit": "142301000",
            "ebitda": "90071000",
            "netIncome": "105858000"
        },
        {
            "fiscalDateEnding": "2020-06-30",
            "reportedCurrency": "USD",
            "grossProfit": "287384000",
            "totalRevenue": "668932000",
            "costOfRevenue": "381548000",
            "costofGoodsAndServicesSold": "383364000",
            "operatingIncome": "115817000",
            "sellingGeneralAndAdministrative": "155170000",
            "researchAndDevelopment": "16231000",
            "operatingExpenses": "171567000",
            "investmentIncomeNet": "None",
            "netInterestIncome": "-9492000",
            "interestIncome": "-7203000",
            "interestExpense": "9492000",
            "nonInterestIncome": "-247000",
            "otherNonOperatingIncome": "2289000",
            "depreciation": "None",
            "depreciationAndAmortization": "48954000",
            "incomeBeforeTax": "108680000",
            "incomeTaxExpense": "19083000",
            "interestAndDebtExpense": "9492000",
            "netIncomeFromContinuingOperations": "88124000",
            "comprehensiveIncomeNetOfTax": "116706000",
            "ebit": "118172000",
            "ebitda": "165310000",
            "netIncome": "89597000"
        },
        {
            "fiscalDateEnding": "2020-03-31",
            "reportedCurrency": "USD",
            "grossProfit": "363086000",
            "totalRevenue": "822991000",
            "costOfRevenue": "459905000",
            "costofGoodsAndServicesSold": "458858000",
            "operatingIncome": "157838000",
            "sellingGeneralAndAdministrative": "189064000",
            "researchAndDevelopment": "17225000",
            "operatingExpenses": "206295000",
            "investmentIncomeNet": "None",
            "netInterestIncome": "-9577000",
            "interestIncome": "-9753000",
            "interestExpense": "9577000",
            "nonInterestIncome": "417000",
            "otherNonOperatingIncome": "-176000",
            "depreciation": "None",
            "depreciationAndAmortization": "50941000",
            "incomeBeforeTax": "147401000",
            "incomeTaxExpense": "24812000",
            "interestAndDebtExpense": "9577000",
            "netIncomeFromContinuingOperations": "364060000",
            "comprehensiveIncomeNetOfTax": "36829000",
            "ebit": "156978000",
            "ebitda": "208627000",
            "netIncome": "122589000"
        },
        {
            "fiscalDateEnding": "2019-12-31",
            "reportedCurrency": "USD",
            "grossProfit": "331353000",
            "totalRevenue": "774261000",
            "costOfRevenue": "442908000",
            "costofGoodsAndServicesSold": "442908000",
            "operatingIncome": "142387000",
            "sellingGeneralAndAdministrative": "172927000",
            "researchAndDevelopment": "16487000",
            "operatingExpenses": "188966000",
            "investmentIncomeNet": "None",
            "netInterestIncome": "-9813000",
            "interestIncome": "-8435000",
            "interestExpense": "9813000",
            "nonInterestIncome": "76000",
            "otherNonOperatingIncome": "1378000",
            "depreciation": "None",
            "depreciationAndAmortization": "49558000",
            "incomeBeforeTax": "134215000",
            "incomeTaxExpense": "29285000",
            "interestAndDebtExpense": "9813000",
            "netIncomeFromContinuingOperations": "104667000",
            "comprehensiveIncomeNetOfTax": "181725000",
            "ebit": "144028000",
            "ebitda": "193586000",
            "netIncome": "104930000"
        },
        {
            "fiscalDateEnding": "2019-09-30",
            "reportedCurrency": "USD",
            "grossProfit": "318667000",
            "totalRevenue": "736840000",
            "costOfRevenue": "418173000",
            "costofGoodsAndServicesSold": "418173000",
            "operatingIncome": "126733000",
            "sellingGeneralAndAdministrative": "175959000",
            "researchAndDevelopment": "16249000",
            "operatingExpenses": "191934000",
            "investmentIncomeNet": "None",
            "netInterestIncome": "-10444000",
            "interestIncome": "-9426000",
            "interestExpense": "10444000",
            "nonInterestIncome": "50000",
            "otherNonOperatingIncome": "1018000",
            "depreciation": "None",
            "depreciationAndAmortization": "49634000",
            "incomeBeforeTax": "116934000",
            "incomeTaxExpense": "22165000",
            "interestAndDebtExpense": "10444000",
            "netIncomeFromContinuingOperations": "95142000",
            "comprehensiveIncomeNetOfTax": "25896000",
            "ebit": "127378000",
            "ebitda": "177012000",
            "netIncome": "94769000"
        },
        {
            "fiscalDateEnding": "2019-06-30",
            "reportedCurrency": "USD",
            "grossProfit": "306890000",
            "totalRevenue": "696803000",
            "costOfRevenue": "389913000",
            "costofGoodsAndServicesSold": "390960000",
            "operatingIncome": "110088000",
            "sellingGeneralAndAdministrative": "178781000",
            "researchAndDevelopment": "15585000",
            "operatingExpenses": "195755000",
            "investmentIncomeNet": "None",
            "netInterestIncome": "-10445000",
            "interestIncome": "-10678000",
            "interestExpense": "10445000",
            "nonInterestIncome": "-2487000",
            "otherNonOperatingIncome": "-233000",
            "depreciation": "None",
            "depreciationAndAmortization": "47102000",
            "incomeBeforeTax": "100004000",
            "incomeTaxExpense": "14633000",
            "interestAndDebtExpense": "10445000",
            "netIncomeFromContinuingOperations": "84777000",
            "comprehensiveIncomeNetOfTax": "87524000",
            "ebit": "110449000",
            "ebitda": "157003000",
            "netIncome": "85371000"
        },
        {
            "fiscalDateEnding": "2019-03-31",
            "reportedCurrency": "USD",
            "grossProfit": "334716000",
            "totalRevenue": "768213000",
            "costOfRevenue": "433497000",
            "costofGoodsAndServicesSold": "433938000",
            "operatingIncome": "140437000",
            "sellingGeneralAndAdministrative": "173120000",
            "researchAndDevelopment": "15878000",
            "operatingExpenses": "193838000",
            "investmentIncomeNet": "None",
            "netInterestIncome": "-7478000",
            "interestIncome": "-7478000",
            "interestExpense": "11001000",
            "nonInterestIncome": "None",
            "otherNonOperatingIncome": "3523000",
            "depreciation": "None",
            "depreciationAndAmortization": "None",
            "incomeBeforeTax": "133157000",
            "incomeTaxExpense": "24412000",
            "interestAndDebtExpense": "None",
            "netIncomeFromContinuingOperations": "329876000",
            "comprehensiveIncomeNetOfTax": "115662000",
            "ebit": "144158000",
            "ebitda": "143766000",
            "netIncome": "108745000"
        },
        {
            "fiscalDateEnding": "2018-12-31",
            "reportedCurrency": "USD",
            "grossProfit": "286997000",
            "totalRevenue": "696238000",
            "costOfRevenue": "409241000",
            "costofGoodsAndServicesSold": "409241000",
            "operatingIncome": "69584000",
            "sellingGeneralAndAdministrative": "176099000",
            "researchAndDevelopment": "15167000",
            "operatingExpenses": "217413000",
            "investmentIncomeNet": "None",
            "netInterestIncome": "None",
            "interestIncome": "None",
            "interestExpense": "10879000",
            "nonInterestIncome": "None",
            "otherNonOperatingIncome": "-945000",
            "depreciation": "None",
            "depreciationAndAmortization": "None",
            "incomeBeforeTax": "57192000",
            "incomeTaxExpense": "9334000",
            "interestAndDebtExpense": "None",
            "netIncomeFromContinuingOperations": "48426000",
            "comprehensiveIncomeNetOfTax": "7613000",
            "ebit": "68071000",
            "ebitda": "69016000",
            "netIncome": "47858000"
        },
        {
            "fiscalDateEnding": "2018-09-30",
            "reportedCurrency": "USD",
            "grossProfit": "284664000",
            "totalRevenue": "678961000",
            "costOfRevenue": "394297000",
            "costofGoodsAndServicesSold": "394297000",
            "operatingIncome": "106579000",
            "sellingGeneralAndAdministrative": "162312000",
            "researchAndDevelopment": "15773000",
            "operatingExpenses": "178085000",
            "investmentIncomeNet": "None",
            "netInterestIncome": "None",
            "interestIncome": "None",
            "interestExpense": "11393000",
            "nonInterestIncome": "None",
            "otherNonOperatingIncome": "73000",
            "depreciation": "None",
            "depreciationAndAmortization": "None",
            "incomeBeforeTax": "95221000",
            "incomeTaxExpense": "17764000",
            "interestAndDebtExpense": "None",
            "netIncomeFromContinuingOperations": "77495000",
            "comprehensiveIncomeNetOfTax": "71773000",
            "ebit": "106614000",
            "ebitda": "106614000",
            "netIncome": "77457000"
        },
        {
            "fiscalDateEnding": "2018-06-30",
            "reportedCurrency": "USD",
            "grossProfit": "269050000",
            "totalRevenue": "638758000",
            "costOfRevenue": "369708000",
            "costofGoodsAndServicesSold": "369708000",
            "operatingIncome": "94424000",
            "sellingGeneralAndAdministrative": "158406000",
            "researchAndDevelopment": "16220000",
            "operatingExpenses": "174626000",
            "investmentIncomeNet": "None",
            "netInterestIncome": "None",
            "interestIncome": "None",
            "interestExpense": "11740000",
            "nonInterestIncome": "None",
            "otherNonOperatingIncome": "367000",
            "depreciation": "None",
            "depreciationAndAmortization": "None",
            "incomeBeforeTax": "82764000",
            "incomeTaxExpense": "12773000",
            "interestAndDebtExpense": "None",
            "netIncomeFromContinuingOperations": "70278000",
            "comprehensiveIncomeNetOfTax": "-60820000",
            "ebit": "94504000",
            "ebitda": "94504000",
            "netIncome": "69991000"
        },
        {
            "fiscalDateEnding": "2018-03-31",
            "reportedCurrency": "USD",
            "grossProfit": "292365000",
            "totalRevenue": "715973000",
            "costOfRevenue": "423608000",
            "costofGoodsAndServicesSold": "423220000",
            "operatingIncome": "113570000",
            "sellingGeneralAndAdministrative": "157213000",
            "researchAndDevelopment": "17609000",
            "operatingExpenses": "179183000",
            "investmentIncomeNet": "None",
            "netInterestIncome": "None",
            "interestIncome": "None",
            "interestExpense": "13019000",
            "nonInterestIncome": "None",
            "otherNonOperatingIncome": "None",
            "depreciation": "None",
            "depreciationAndAmortization": "None",
            "incomeBeforeTax": "101445000",
            "incomeTaxExpense": "27822000",
            "interestAndDebtExpense": "None",
            "netIncomeFromContinuingOperations": "73623000",
            "comprehensiveIncomeNetOfTax": "None",
            "ebit": "117931000",
            "ebitda": "114439000",
            "netIncome": "73598000"
        },
        {
            "fiscalDateEnding": "2017-12-31",
            "reportedCurrency": "USD",
            "grossProfit": "278218000",
            "totalRevenue": "661900000",
            "costOfRevenue": "383682000",
            "costofGoodsAndServicesSold": "383312000",
            "operatingIncome": "104250000",
            "sellingGeneralAndAdministrative": "160332000",
            "researchAndDevelopment": "15195000",
            "operatingExpenses": "174338000",
            "investmentIncomeNet": "None",
            "netInterestIncome": "None",
            "interestIncome": "None",
            "interestExpense": "12461000",
            "nonInterestIncome": "None",
            "otherNonOperatingIncome": "None",
            "depreciation": "None",
            "depreciationAndAmortization": "None",
            "incomeBeforeTax": "91936000",
            "incomeTaxExpense": "-3404000",
            "interestAndDebtExpense": "None",
            "netIncomeFromContinuingOperations": "205541000",
            "comprehensiveIncomeNetOfTax": "None",
            "ebit": "262845000",
            "ebitda": "103838000",
            "netIncome": "94781000"
        },
        {
            "fiscalDateEnding": "2017-09-30",
            "reportedCurrency": "USD",
            "grossProfit": "10631000",
            "totalRevenue": "26195000",
            "costOfRevenue": "15564000",
            "costofGoodsAndServicesSold": "367398000",
            "operatingIncome": "99431000",
            "sellingGeneralAndAdministrative": "164674000",
            "researchAndDevelopment": "13974000",
            "operatingExpenses": "167330000",
            "investmentIncomeNet": "None",
            "netInterestIncome": "None",
            "interestIncome": "None",
            "interestExpense": "12683000",
            "nonInterestIncome": "None",
            "otherNonOperatingIncome": "None",
            "depreciation": "None",
            "depreciationAndAmortization": "None",
            "incomeBeforeTax": "87347000",
            "incomeTaxExpense": "22903000",
            "interestAndDebtExpense": "None",
            "netIncomeFromContinuingOperations": "-168416000",
            "comprehensiveIncomeNetOfTax": "None",
            "ebit": "-245793000",
            "ebitda": "100045000",
            "netIncome": "6382000"
        },
        {
            "fiscalDateEnding": "2017-06-30",
            "reportedCurrency": "USD",
            "grossProfit": "255766000",
            "totalRevenue": "607964000",
            "costOfRevenue": "352198000",
            "costofGoodsAndServicesSold": "351843000",
            "operatingIncome": "86306000",
            "sellingGeneralAndAdministrative": "166427000",
            "researchAndDevelopment": "14004000",
            "operatingExpenses": "169815000",
            "investmentIncomeNet": "None",
            "netInterestIncome": "None",
            "interestIncome": "None",
            "interestExpense": "12466000",
            "nonInterestIncome": "None",
            "otherNonOperatingIncome": "None",
            "depreciation": "None",
            "depreciationAndAmortization": "None",
            "incomeBeforeTax": "74254000",
            "incomeTaxExpense": "16039000",
            "interestAndDebtExpense": "None",
            "netIncomeFromContinuingOperations": "58215000",
            "comprehensiveIncomeNetOfTax": "None",
            "ebit": "86306000",
            "ebitda": "86582000",
            "netIncome": "58077000"
        }
    ]
}