{
    "symbol": "WELL",
    "annualReports": [
        {
            "fiscalDateEnding": "2021-12-31",
            "reportedCurrency": "USD",
            "grossProfit": "744883000",
            "totalRevenue": "4742115000",
            "costOfRevenue": "3997232000",
            "costofGoodsAndServicesSold": "2774562000",
            "operatingIncome": "-477787000",
            "sellingGeneralAndAdministrative": "126727000",
            "researchAndDevelopment": "None",
            "operatingExpenses": "1222670000",
            "investmentIncomeNet": "None",
            "netInterestIncome": "-515779000",
            "interestIncome": "None",
            "interestExpense": "515779000",
            "nonInterestIncome": "-49874000",
            "otherNonOperatingIncome": "-41739000",
            "depreciation": "None",
            "depreciationAndAmortization": "1037566000",
            "incomeBeforeTax": "344851000",
            "incomeTaxExpense": "8713000",
            "interestAndDebtExpense": "565653000",
            "netIncomeFromContinuingOperations": "374479000",
            "comprehensiveIncomeNetOfTax": "363326000",
            "ebit": "860630000",
            "ebitda": "1898196000",
            "netIncome": "336138000"
        },
        {
            "fiscalDateEnding": "2020-12-31",
            "reportedCurrency": "USD",
            "grossProfit": "611269000",
            "totalRevenue": "4605967000",
            "costOfRevenue": "3994698000",
            "costofGoodsAndServicesSold": "2597823000",
            "operatingIncome": "309647000",
            "sellingGeneralAndAdministrative": "128394000",
            "researchAndDevelopment": "None",
            "operatingExpenses": "301622000",
            "investmentIncomeNet": "None",
            "netInterestIncome": "-538271000",
            "interestIncome": "None",
            "interestExpense": "538271000",
            "nonInterestIncome": "-47049000",
            "otherNonOperatingIncome": "-70335000",
            "depreciation": "None",
            "depreciationAndAmortization": "1038437000",
            "incomeBeforeTax": "988812000",
            "incomeTaxExpense": "9968000",
            "interestAndDebtExpense": "585320000",
            "netIncomeFromContinuingOperations": "1038852000",
            "comprehensiveIncomeNetOfTax": "942497000",
            "ebit": "1527083000",
            "ebitda": "2565520000",
            "netIncome": "978844000"
        },
        {
            "fiscalDateEnding": "2019-12-31",
            "reportedCurrency": "USD",
            "grossProfit": "1230819000",
            "totalRevenue": "5121306000",
            "costOfRevenue": "3890487000",
            "costofGoodsAndServicesSold": "2690042000",
            "operatingIncome": "-3548000",
            "sellingGeneralAndAdministrative": "126549000",
            "researchAndDevelopment": "None",
            "operatingExpenses": "1181755000",
            "investmentIncomeNet": "None",
            "netInterestIncome": "-575579000",
            "interestIncome": "-551160000",
            "interestExpense": "575579000",
            "nonInterestIncome": "-84155000",
            "otherNonOperatingIncome": "-52612000",
            "depreciation": "None",
            "depreciationAndAmortization": "1027073000",
            "incomeBeforeTax": "1235389000",
            "incomeTaxExpense": "2957000",
            "interestAndDebtExpense": "659734000",
            "netIncomeFromContinuingOperations": "1330410000",
            "comprehensiveIncomeNetOfTax": "1250044000",
            "ebit": "1810968000",
            "ebitda": "2838041000",
            "netIncome": "1232432000"
        },
        {
            "fiscalDateEnding": "2018-12-31",
            "reportedCurrency": "USD",
            "grossProfit": "1075061000",
            "totalRevenue": "4700499000",
            "costOfRevenue": "3625438000",
            "costofGoodsAndServicesSold": "2433017000",
            "operatingIncome": "-3314846000",
            "sellingGeneralAndAdministrative": "126383000",
            "researchAndDevelopment": "None",
            "operatingExpenses": "4277009000",
            "investmentIncomeNet": "None",
            "netInterestIncome": "-470778000",
            "interestIncome": "55814000",
            "interestExpense": "526592000",
            "nonInterestIncome": "1364325000",
            "otherNonOperatingIncome": "-112898000",
            "depreciation": "None",
            "depreciationAndAmortization": "950459000",
            "incomeBeforeTax": "813628000",
            "incomeTaxExpense": "8674000",
            "interestAndDebtExpense": "542689000",
            "netIncomeFromContinuingOperations": "829750000",
            "comprehensiveIncomeNetOfTax": "786650000",
            "ebit": "1340220000",
            "ebitda": "2290679000",
            "netIncome": "804954000"
        },
        {
            "fiscalDateEnding": "2017-12-31",
            "reportedCurrency": "USD",
            "grossProfit": "1001539000",
            "totalRevenue": "4316641000",
            "costOfRevenue": "3315102000",
            "costofGoodsAndServicesSold": "2083925000",
            "operatingIncome": "-3193262000",
            "sellingGeneralAndAdministrative": "122008000",
            "researchAndDevelopment": "None",
            "operatingExpenses": "4017025000",
            "investmentIncomeNet": "None",
            "netInterestIncome": "-397322000",
            "interestIncome": "73811000",
            "interestExpense": "471133000",
            "nonInterestIncome": "1406346000",
            "otherNonOperatingIncome": "261125000",
            "depreciation": "None",
            "depreciationAndAmortization": "921720000",
            "incomeBeforeTax": "542902000",
            "incomeTaxExpense": "20128000",
            "interestAndDebtExpense": "508374000",
            "netIncomeFromContinuingOperations": "196363000",
            "comprehensiveIncomeNetOfTax": "580840000",
            "ebit": "1014035000",
            "ebitda": "1935755000",
            "netIncome": "522774000"
        }
    ],
    "quarterlyReports": [
        {
            "fiscalDateEnding": "2021-12-31",
            "reportedCurrency": "USD",
            "grossProfit": "204157000",
            "totalRevenue": "1309264000",
            "costOfRevenue": "1105107000",
            "costofGoodsAndServicesSold": "785179000",
            "operatingIncome": "-96824000",
            "sellingGeneralAndAdministrative": "33109000",
            "researchAndDevelopment": "None",
            "operatingExpenses": "327237000",
            "investmentIncomeNet": "None",
            "netInterestIncome": "-128797000",
            "interestIncome": "None",
            "interestExpense": "128797000",
            "nonInterestIncome": "1090000",
            "otherNonOperatingIncome": "-15483000",
            "depreciation": "None",
            "depreciationAndAmortization": "284501000",
            "incomeBeforeTax": "60723000",
            "incomeTaxExpense": "2051000",
            "interestAndDebtExpense": "127707000",
            "netIncomeFromContinuingOperations": "66194000",
            "comprehensiveIncomeNetOfTax": "40533000",
            "ebit": "189520000",
            "ebitda": "474021000",
            "netIncome": "58672000"
        },
        {
            "fiscalDateEnding": "2021-09-30",
            "reportedCurrency": "USD",
            "grossProfit": "209168000",
            "totalRevenue": "1239797000",
            "costOfRevenue": "1030629000",
            "costofGoodsAndServicesSold": "729400000",
            "operatingIncome": "-95907000",
            "sellingGeneralAndAdministrative": "32256000",
            "researchAndDevelopment": "None",
            "operatingExpenses": "301500000",
            "investmentIncomeNet": "None",
            "netInterestIncome": "-122522000",
            "interestIncome": "None",
            "interestExpense": "122522000",
            "nonInterestIncome": "5000",
            "otherNonOperatingIncome": "-3575000",
            "depreciation": "None",
            "depreciationAndAmortization": "267754000",
            "incomeBeforeTax": "184603000",
            "incomeTaxExpense": "4940000",
            "interestAndDebtExpense": "122517000",
            "netIncomeFromContinuingOperations": "190336000",
            "comprehensiveIncomeNetOfTax": "204434000",
            "ebit": "307125000",
            "ebitda": "574879000",
            "netIncome": "179663000"
        },
        {
            "fiscalDateEnding": "2021-06-30",
            "reportedCurrency": "USD",
            "grossProfit": "196125000",
            "totalRevenue": "1140992000",
            "costOfRevenue": "944867000",
            "costofGoodsAndServicesSold": "642657000",
            "operatingIncome": "-111575000",
            "sellingGeneralAndAdministrative": "31436000",
            "researchAndDevelopment": "None",
            "operatingExpenses": "296013000",
            "investmentIncomeNet": "None",
            "netInterestIncome": "-122341000",
            "interestIncome": "None",
            "interestExpense": "122341000",
            "nonInterestIncome": "-55612000",
            "otherNonOperatingIncome": "-11687000",
            "depreciation": "None",
            "depreciationAndAmortization": "240885000",
            "incomeBeforeTax": "24036000",
            "incomeTaxExpense": "-2221000",
            "interestAndDebtExpense": "177953000",
            "netIncomeFromContinuingOperations": "45757000",
            "comprehensiveIncomeNetOfTax": "26445000",
            "ebit": "146377000",
            "ebitda": "387262000",
            "netIncome": "26257000"
        },
        {
            "fiscalDateEnding": "2021-03-31",
            "reportedCurrency": "USD",
            "grossProfit": "135433000",
            "totalRevenue": "1052062000",
            "costOfRevenue": "916629000",
            "costofGoodsAndServicesSold": "617326000",
            "operatingIncome": "73309000",
            "sellingGeneralAndAdministrative": "29926000",
            "researchAndDevelopment": "None",
            "operatingExpenses": "51130000",
            "investmentIncomeNet": "None",
            "netInterestIncome": "-129301000",
            "interestIncome": "None",
            "interestExpense": "129301000",
            "nonInterestIncome": "4643000",
            "otherNonOperatingIncome": "-10994000",
            "depreciation": "None",
            "depreciationAndAmortization": "244426000",
            "incomeBeforeTax": "75489000",
            "incomeTaxExpense": "3943000",
            "interestAndDebtExpense": "124658000",
            "netIncomeFromContinuingOperations": "72192000",
            "comprehensiveIncomeNetOfTax": "91914000",
            "ebit": "204790000",
            "ebitda": "449216000",
            "netIncome": "71546000"
        },
        {
            "fiscalDateEnding": "2020-12-31",
            "reportedCurrency": "USD",
            "grossProfit": "1113016000",
            "totalRevenue": "1122016000",
            "costOfRevenue": "9000000",
            "costofGoodsAndServicesSold": "620561000",
            "operatingIncome": "1113016000",
            "sellingGeneralAndAdministrative": "27848000",
            "researchAndDevelopment": "None",
            "operatingExpenses": "132448000",
            "investmentIncomeNet": "None",
            "netInterestIncome": "-127129000",
            "interestIncome": "None",
            "interestExpense": "127129000",
            "nonInterestIncome": "-13796000",
            "otherNonOperatingIncome": "-33088000",
            "depreciation": "None",
            "depreciationAndAmortization": "242733000",
            "incomeBeforeTax": "1113306000",
            "incomeTaxExpense": "290000",
            "interestAndDebtExpense": "140925000",
            "netIncomeFromContinuingOperations": "1113016000",
            "comprehensiveIncomeNetOfTax": "141694000",
            "ebit": "1240435000",
            "ebitda": "1483168000",
            "netIncome": "1113016000"
        },
        {
            "fiscalDateEnding": "2020-09-30",
            "reportedCurrency": "USD",
            "grossProfit": "89452000",
            "totalRevenue": "1036874000",
            "costOfRevenue": "947422000",
            "costofGoodsAndServicesSold": "634717000",
            "operatingIncome": "28713000",
            "sellingGeneralAndAdministrative": "31003000",
            "researchAndDevelopment": "None",
            "operatingExpenses": "49195000",
            "investmentIncomeNet": "None",
            "netInterestIncome": "-124851000",
            "interestIncome": "None",
            "interestExpense": "124851000",
            "nonInterestIncome": "-33004000",
            "otherNonOperatingIncome": "-11544000",
            "depreciation": "None",
            "depreciationAndAmortization": "255532000",
            "incomeBeforeTax": "327588000",
            "incomeTaxExpense": "2003000",
            "interestAndDebtExpense": "157855000",
            "netIncomeFromContinuingOperations": "394978000",
            "comprehensiveIncomeNetOfTax": "315972000",
            "ebit": "452439000",
            "ebitda": "707971000",
            "netIncome": "325585000"
        },
        {
            "fiscalDateEnding": "2020-06-30",
            "reportedCurrency": "USD",
            "grossProfit": "151705000",
            "totalRevenue": "1188475000",
            "costOfRevenue": "1036770000",
            "costofGoodsAndServicesSold": "660764000",
            "operatingIncome": "-242290000",
            "sellingGeneralAndAdministrative": "34062000",
            "researchAndDevelopment": "None",
            "operatingExpenses": "374584000",
            "investmentIncomeNet": "None",
            "netInterestIncome": "-126357000",
            "interestIncome": "None",
            "interestExpense": "126357000",
            "nonInterestIncome": "-249000",
            "otherNonOperatingIncome": "-19411000",
            "depreciation": "None",
            "depreciationAndAmortization": "265371000",
            "incomeBeforeTax": "181479000",
            "incomeTaxExpense": "2233000",
            "interestAndDebtExpense": "126606000",
            "netIncomeFromContinuingOperations": "159216000",
            "comprehensiveIncomeNetOfTax": "158603000",
            "ebit": "307836000",
            "ebitda": "573207000",
            "netIncome": "179246000"
        },
        {
            "fiscalDateEnding": "2020-03-31",
            "reportedCurrency": "USD",
            "grossProfit": "231640000",
            "totalRevenue": "1258602000",
            "costOfRevenue": "1026962000",
            "costofGoodsAndServicesSold": "681781000",
            "operatingIncome": "-112761000",
            "sellingGeneralAndAdministrative": "35481000",
            "researchAndDevelopment": "None",
            "operatingExpenses": "338109000",
            "investmentIncomeNet": "None",
            "netInterestIncome": "-148132000",
            "interestIncome": "-149658000",
            "interestExpense": "148132000",
            "nonInterestIncome": "0",
            "otherNonOperatingIncome": "-6292000",
            "depreciation": "None",
            "depreciationAndAmortization": "274801000",
            "incomeBeforeTax": "315726000",
            "incomeTaxExpense": "5442000",
            "interestAndDebtExpense": "148132000",
            "netIncomeFromContinuingOperations": "329380000",
            "comprehensiveIncomeNetOfTax": "326228000",
            "ebit": "463858000",
            "ebitda": "738659000",
            "netIncome": "310284000"
        },
        {
            "fiscalDateEnding": "2019-12-31",
            "reportedCurrency": "USD",
            "grossProfit": "1262822000",
            "totalRevenue": "1262822000",
            "costOfRevenue": "951769000",
            "costofGoodsAndServicesSold": "662520000",
            "operatingIncome": "1262822000",
            "sellingGeneralAndAdministrative": "26507000",
            "researchAndDevelopment": "None",
            "operatingExpenses": "-2299657000",
            "investmentIncomeNet": "None",
            "netInterestIncome": "-141264000",
            "interestIncome": "-126579000",
            "interestExpense": "141264000",
            "nonInterestIncome": "-2612000",
            "otherNonOperatingIncome": "-16042000",
            "depreciation": "None",
            "depreciationAndAmortization": "262644000",
            "incomeBeforeTax": "1257990000",
            "incomeTaxExpense": "-4832000",
            "interestAndDebtExpense": "143876000",
            "netIncomeFromContinuingOperations": "1262822000",
            "comprehensiveIncomeNetOfTax": "229843000",
            "ebit": "1399254000",
            "ebitda": "1661898000",
            "netIncome": "1262822000"
        },
        {
            "fiscalDateEnding": "2019-09-30",
            "reportedCurrency": "USD",
            "grossProfit": "288985000",
            "totalRevenue": "1266133000",
            "costOfRevenue": "977148000",
            "costofGoodsAndServicesSold": "655588000",
            "operatingIncome": "-904946000",
            "sellingGeneralAndAdministrative": "31019000",
            "researchAndDevelopment": "None",
            "operatingExpenses": "1187745000",
            "investmentIncomeNet": "None",
            "netInterestIncome": "-137343000",
            "interestIncome": "15637000",
            "interestExpense": "137343000",
            "nonInterestIncome": "-65824000",
            "otherNonOperatingIncome": "-6186000",
            "depreciation": "None",
            "depreciationAndAmortization": "272445000",
            "incomeBeforeTax": "593844000",
            "incomeTaxExpense": "3968000",
            "interestAndDebtExpense": "203167000",
            "netIncomeFromContinuingOperations": "647932000",
            "comprehensiveIncomeNetOfTax": "572822000",
            "ebit": "731187000",
            "ebitda": "1003632000",
            "netIncome": "589876000"
        },
        {
            "fiscalDateEnding": "2019-06-30",
            "reportedCurrency": "USD",
            "grossProfit": "327247000",
            "totalRevenue": "1320106000",
            "costOfRevenue": "992859000",
            "costofGoodsAndServicesSold": "701127000",
            "operatingIncome": "-852117000",
            "sellingGeneralAndAdministrative": "33741000",
            "researchAndDevelopment": "None",
            "operatingExpenses": "1157736000",
            "investmentIncomeNet": "None",
            "netInterestIncome": "-141336000",
            "interestIncome": "17356000",
            "interestExpense": "141336000",
            "nonInterestIncome": "0",
            "otherNonOperatingIncome": "-21628000",
            "depreciation": "None",
            "depreciationAndAmortization": "248052000",
            "incomeBeforeTax": "139361000",
            "incomeTaxExpense": "1599000",
            "interestAndDebtExpense": "141336000",
            "netIncomeFromContinuingOperations": "150040000",
            "comprehensiveIncomeNetOfTax": "181758000",
            "ebit": "280697000",
            "ebitda": "528749000",
            "netIncome": "137762000"
        },
        {
            "fiscalDateEnding": "2019-03-31",
            "reportedCurrency": "USD",
            "grossProfit": "303534000",
            "totalRevenue": "1272245000",
            "costOfRevenue": "968711000",
            "costofGoodsAndServicesSold": "670807000",
            "operatingIncome": "-841153000",
            "sellingGeneralAndAdministrative": "35282000",
            "researchAndDevelopment": "None",
            "operatingExpenses": "1135931000",
            "investmentIncomeNet": "None",
            "netInterestIncome": "-147559000",
            "interestIncome": "-142745000",
            "interestExpense": "147559000",
            "nonInterestIncome": "-15719000",
            "otherNonOperatingIncome": "-8756000",
            "depreciation": "None",
            "depreciationAndAmortization": "243932000",
            "incomeBeforeTax": "282692000",
            "incomeTaxExpense": "2222000",
            "interestAndDebtExpense": "163278000",
            "netIncomeFromContinuingOperations": "292302000",
            "comprehensiveIncomeNetOfTax": "265621000",
            "ebit": "430251000",
            "ebitda": "674183000",
            "netIncome": "280470000"
        },
        {
            "fiscalDateEnding": "2018-12-31",
            "reportedCurrency": "USD",
            "grossProfit": "1241243000",
            "totalRevenue": "1241243000",
            "costOfRevenue": "1000601000",
            "costofGoodsAndServicesSold": "650644000",
            "operatingIncome": "1241243000",
            "sellingGeneralAndAdministrative": "31101000",
            "researchAndDevelopment": "None",
            "operatingExpenses": "1157151000",
            "investmentIncomeNet": "None",
            "netInterestIncome": "-88555000",
            "interestIncome": "55814000",
            "interestExpense": "144369000",
            "nonInterestIncome": "-2078887000",
            "otherNonOperatingIncome": "-10502000",
            "depreciation": "None",
            "depreciationAndAmortization": "242834000",
            "incomeBeforeTax": "1242747000",
            "incomeTaxExpense": "1504000",
            "interestAndDebtExpense": "144422000",
            "netIncomeFromContinuingOperations": "1241243000",
            "comprehensiveIncomeNetOfTax": "122161000",
            "ebit": "1387116000",
            "ebitda": "1629950000",
            "netIncome": "1241243000"
        },
        {
            "fiscalDateEnding": "2018-09-30",
            "reportedCurrency": "USD",
            "grossProfit": "158517000",
            "totalRevenue": "1236379000",
            "costOfRevenue": "935792000",
            "costofGoodsAndServicesSold": "657157000",
            "operatingIncome": "-1105588000",
            "sellingGeneralAndAdministrative": "28746000",
            "researchAndDevelopment": "None",
            "operatingExpenses": "1175479000",
            "investmentIncomeNet": "None",
            "netInterestIncome": "-138032000",
            "interestIncome": "None",
            "interestExpense": "138032000",
            "nonInterestIncome": "1232341000",
            "otherNonOperatingIncome": "-88626000",
            "depreciation": "None",
            "depreciationAndAmortization": "243149000",
            "incomeBeforeTax": "77801000",
            "incomeTaxExpense": "1741000",
            "interestAndDebtExpense": "142070000",
            "netIncomeFromContinuingOperations": "59503000",
            "comprehensiveIncomeNetOfTax": "70200000",
            "ebit": "215833000",
            "ebitda": "458982000",
            "netIncome": "76060000"
        },
        {
            "fiscalDateEnding": "2018-06-30",
            "reportedCurrency": "USD",
            "grossProfit": "161708000",
            "totalRevenue": "1125912000",
            "costOfRevenue": "842489000",
            "costofGoodsAndServicesSold": "568751000",
            "operatingIncome": "-815152000",
            "sellingGeneralAndAdministrative": "32831000",
            "researchAndDevelopment": "None",
            "operatingExpenses": "966802000",
            "investmentIncomeNet": "None",
            "netInterestIncome": "-121416000",
            "interestIncome": "None",
            "interestExpense": "121416000",
            "nonInterestIncome": "1125613000",
            "otherNonOperatingIncome": "-10058000",
            "depreciation": "None",
            "depreciationAndAmortization": "236275000",
            "incomeBeforeTax": "169949000",
            "incomeTaxExpense": "3841000",
            "interestAndDebtExpense": "121715000",
            "netIncomeFromContinuingOperations": "156518000",
            "comprehensiveIncomeNetOfTax": "124730000",
            "ebit": "291365000",
            "ebitda": "527640000",
            "netIncome": "166108000"
        },
        {
            "fiscalDateEnding": "2018-03-31",
            "reportedCurrency": "USD",
            "grossProfit": "250409000",
            "totalRevenue": "1096965000",
            "costOfRevenue": "846556000",
            "costofGoodsAndServicesSold": "556465000",
            "operatingIncome": "-730880000",
            "sellingGeneralAndAdministrative": "33705000",
            "researchAndDevelopment": "None",
            "operatingExpenses": "977577000",
            "investmentIncomeNet": "None",
            "netInterestIncome": "-108127000",
            "interestIncome": "14648000",
            "interestExpense": "122775000",
            "nonInterestIncome": "331662000",
            "otherNonOperatingIncome": "-3712000",
            "depreciation": "None",
            "depreciationAndAmortization": "228201000",
            "incomeBeforeTax": "450935000",
            "incomeTaxExpense": "1588000",
            "interestAndDebtExpense": "134482000",
            "netIncomeFromContinuingOperations": "115371000",
            "comprehensiveIncomeNetOfTax": "469559000",
            "ebit": "573710000",
            "ebitda": "801911000",
            "netIncome": "449347000"
        },
        {
            "fiscalDateEnding": "2017-12-31",
            "reportedCurrency": "USD",
            "grossProfit": "941470000",
            "totalRevenue": "1104257000",
            "costOfRevenue": "162787000",
            "costofGoodsAndServicesSold": "547904000",
            "operatingIncome": "841649000",
            "sellingGeneralAndAdministrative": "28365000",
            "researchAndDevelopment": "None",
            "operatingExpenses": "1165270000",
            "investmentIncomeNet": "None",
            "netInterestIncome": "-101753000",
            "interestIncome": "11975000",
            "interestExpense": "113728000",
            "nonInterestIncome": "357595000",
            "otherNonOperatingIncome": "-3068000",
            "depreciation": "None",
            "depreciationAndAmortization": "238458000",
            "incomeBeforeTax": "867312000",
            "incomeTaxExpense": "25663000",
            "interestAndDebtExpense": "114099000",
            "netIncomeFromContinuingOperations": "841649000",
            "comprehensiveIncomeNetOfTax": "-70072000",
            "ebit": "981040000",
            "ebitda": "1219498000",
            "netIncome": "841649000"
        },
        {
            "fiscalDateEnding": "2017-09-30",
            "reportedCurrency": "USD",
            "grossProfit": "307435000",
            "totalRevenue": "1091483000",
            "costOfRevenue": "784048000",
            "costofGoodsAndServicesSold": "523997000",
            "operatingIncome": "-798705000",
            "sellingGeneralAndAdministrative": "29913000",
            "researchAndDevelopment": "None",
            "operatingExpenses": "1006545000",
            "investmentIncomeNet": "None",
            "netInterestIncome": "-102391000",
            "interestIncome": "20187000",
            "interestExpense": "122578000",
            "nonInterestIncome": "362880000",
            "otherNonOperatingIncome": "5030000",
            "depreciation": "None",
            "depreciationAndAmortization": "230138000",
            "incomeBeforeTax": "86388000",
            "incomeTaxExpense": "669000",
            "interestAndDebtExpense": "122578000",
            "netIncomeFromContinuingOperations": "87677000",
            "comprehensiveIncomeNetOfTax": "108104000",
            "ebit": "208966000",
            "ebitda": "439104000",
            "netIncome": "85719000"
        },
        {
            "fiscalDateEnding": "2017-06-30",
            "reportedCurrency": "USD",
            "grossProfit": "285637000",
            "totalRevenue": "1058602000",
            "costOfRevenue": "772965000",
            "costofGoodsAndServicesSold": "501855000",
            "operatingIncome": "-622488000",
            "sellingGeneralAndAdministrative": "32632000",
            "researchAndDevelopment": "None",
            "operatingExpenses": "901786000",
            "investmentIncomeNet": "None",
            "netInterestIncome": "-95330000",
            "interestIncome": "20901000",
            "interestExpense": "116231000",
            "nonInterestIncome": "350084000",
            "otherNonOperatingIncome": "38177000",
            "depreciation": "None",
            "depreciationAndAmortization": "224847000",
            "incomeBeforeTax": "191661000",
            "incomeTaxExpense": "-8448000",
            "interestAndDebtExpense": "121746000",
            "netIncomeFromContinuingOperations": "161286000",
            "comprehensiveIncomeNetOfTax": "213684000",
            "ebit": "307892000",
            "ebitda": "532739000",
            "netIncome": "200109000"
        },
        {
            "fiscalDateEnding": "2017-03-31",
            "reportedCurrency": "USD",
            "grossProfit": "281721000",
            "totalRevenue": "1062298000",
            "costOfRevenue": "780577000",
            "costofGoodsAndServicesSold": "510169000",
            "operatingIncome": "-673383000",
            "sellingGeneralAndAdministrative": "31101000",
            "researchAndDevelopment": "None",
            "operatingExpenses": "943429000",
            "investmentIncomeNet": "None",
            "netInterestIncome": "-97849000",
            "interestIncome": "20748000",
            "interestExpense": "118597000",
            "nonInterestIncome": "335785000",
            "otherNonOperatingIncome": "220986000",
            "depreciation": "None",
            "depreciationAndAmortization": "228276000",
            "incomeBeforeTax": "339032000",
            "incomeTaxExpense": "2245000",
            "interestAndDebtExpense": "149953000",
            "netIncomeFromContinuingOperations": "93518000",
            "comprehensiveIncomeNetOfTax": "329118000",
            "ebit": "457629000",
            "ebitda": "685905000",
            "netIncome": "336787000"
        }
    ]
}